2039 3522
410 288 531 377 ordss
569 325 639 386 Π,
678 324 818 374 Fam.
858 335 905 383 5.
958 325 1321 376 FESTIVAE.
1567 352 1621 385 2,

283 454 481 497 Germen
523 451 797 511 plerumque
838 451 999 500 resfile,
1054 452 1312 496 torulosum
1366 453 1439 495 vel
1481 461 1629 501 conti.

282 545 443 586 guum.
500 528 631 573 Folia
654 529 877 588 stipulata.
906 523 914 531 ⁰
939 530 1123 572 Semina
1150 522 1517 580 ex'albumiuosa,
1556 550 1630 575 co-

282 605 582 662 tyledonibus
608 606 876 650 convolutis
905 606 979 650 vel
1009 606 1218 665 plicatis,
1262 620 1337 649 aut
1367 606 1631 651 albumino-

282 683 352 732 sa,
393 684 646 741 embryone
677 684 922 732 immerso,
953 697 1079 727 recto
1110 682 1186 728 vel
1215 697 1425 734 curvato.
1484 686 1629 729 l'ctaln

280 758 371 803 basi
401 762 646 820 angustata.

84 893 633 938 DIFFERENTIA.
693 893 894 936 Defectu
933 893 1205 936 columellae
1247 909 1434 952 germen
1476 909 1518 938 et
1551 899 1628 939 [ia-

278 970 463 1013 minum
503 969 623 1012 basm
664 970 795 1012 simul
825 970 1114 1013 sustentantis
1144 971 1318 1014 recedit
1347 989 1369 1012 a
1403 973 1627 1015 Columni-

270 1045 413 1104 feris:
444 1045 616 1088 annulo
648 1046 890 1088 staminum
923 1064 945 1088 a
988 1045 1163 1090 corolla
1200 1047 1400 1091 discreto
1442 1049 1516 1091 *el
1557 1052 1625 1092 so-

277 1121 377 1164 lum
410 1122 466 1164 ad
496 1122 620 1165 basm
650 1121 944 1171 corollifero‚
976 1123 1316 1182 staminumque
1351 1124 1626 1173 diversitate.

278 1216 302 1243 a
333 1200 620 1247 Malvaceis;
673 1199 849 1242 fructus
881 1199 1162 1244 dehiscentia
1192 1200 1311 1242 sueta
1343 1217 1365 1242 a
1399 1201 1627 1244 Gruinali·

278 1276 387 1324 bus,
418 1275 691 1334 stipularum
719 1277 972 1336 praesentia
1003 1294 1027 1319 a
1057 1276 1309 1319 Senfitivis.

276 1373 537 1432 Singularis
567 1375 723 1418 annuli
741 1373 953 1434 staminei
981 1375 1205 1418 alternans
1244 1373 1531 1433 constructio,
1575 1377 1621 1417 Γι-

274 1450 384 1490 mili
412 1451 582 1501 modo,
613 1465 665 1495 ut
694 1452 831 1495 tubus
862 1453 911 1494 iu
944 1451 1223 1500 Malvaceis,
1264 1451 1356 1494 scre
1385 1452 1622 1510 generalis,

273 1525 331 1568 ab
363 1527 609 1578 omnibus,
653 1529 704 1570 in
736 1529 905 1572 ordine
934 1529 1026 1571 hoc
1057 1542 1100 1570 et
1131 1540 1257 1571 extra
1289 1528 1448 1578 illum,
1490 1529 1622 1571 fami-

273 1603 379 1653 liis,
422 1605 739 1650 distinctionis
782 1608 933 1648 ansam
974 1605 1192 1665 praebere
1221 1605 1426 1647 videtur.
1487 1607 1625 1648 Deest

270 1681 398 1724 enim
440 1682 492 1725 in
531 1683 729 1742 reliquis
771 1684 1013 1732 Rosaceis‚
1067 1683 1153 1725 slut
1192 1681 1429 1724 albumine
1458 1682 1621 1723 instru-

271 1771 392 1808 ctae,
448 1773 526 1802 aut
563 1759 648 1803 illo
692 1774 886 1803 careant.
947 1759 1144 1804 Collatis
1175 1758 1397 1802 omnibus
1427 1758 1621 1800 familiis

268 1835 610 1895 generibusque
635 1851 739 1878 cum
770 1837 952 1885 nostris,
983 1837 1071 1879 vix
1103 1835 1261 1877 fixuilis
1291 1835 1482 1877 coalitio
1515 1849 1621 1876 cum

268 1911 742 1967 alternationejuncta
757 1911 948 1954 obviam
964 1911 1111 1953 venit.
1145 1910 1305 1953 Solum
1332 1910 1445 1952 Lini
1474 1925 1620 1968 genus

270 1987 539 2039 (interdum
571 2001 614 2030 et
643 1987 780 2029 affine
821 1984 1123 2038 Averrhoae)
1165 1984 1439 2043 ambiguum
1488 1986 1619 2027 vide·

270 2075 345 2106 tur
373 2063 503 2118 juxta
532 2063 819 2123 ponendum,
877 2063 939 2104 At
966 2059 1236 2119 stipularum
1268 2060 1467 2103 defectus
1499 2061 1618 2103 illud

266 2139 476 2189 revellit,
508 2154 552 2184 et
578 2139 691 2182 aliae
721 2152 857 2182 notae
889 2138 1050 2196 potius
1082 2138 1320 2180 Senfitivis
1347 2138 1396 2179 id
1422 2138 1504 2180 effe
1535 2139 1617 2179 tri-

268 2216 506 2260 buendum
529 2217 709 2274 jubent.
766 2214 1011 2258 Gruinales
1043 2213 1289 2256 filamentis
1322 2213 1532 2263 coalitis,
1573 2227 1619 2257 et

269 2294 527 2339 subalterne
548 2293 779 2338 sterilibus
794 2324 812 2350 ,ι
838 2292 931 2349 jam
955 2291 1183 2354 peculiari
1206 2291 1382 2334 fructus
1405 2303 1517 2334 nota
1546 2289 1616 2332 di·

268 2371 440 2417 ftin‘cti.

83 2506 613 2552 AFFINITATES.
691 2503 978 2550 Generaliter
1023 2503 1244 2563 proxime
1281 2519 1387 2546 cum
1422 2501 1615 2546 familiis

272 2583 414 2639 hujus
471 2583 652 2626 ordinis
703 2581 1010 2641 stipuligcris,
1071 2582 1326 2625 Malvaceis
1374 2581 1458 2632 (N.
1492 2579 1612 2632 55),

276 2660 568 2705 Gruinalibus
607 2661 692 2714 (N.
727 2660 847 2713 562),
892 2656 1202 2713 Columniferis
1232 2659 1315 2710 (N.
1339 2657 1458 2713 54),
1509 2655 1614 2709 jun-

274 2739 449 2794 guntur
481 2737 710 2785 Festivae;
767 2734 919 2777 affines
952 2734 1003 2776 in
1029 2734 1188 2793 Specie
1219 2731 1522 2775 Gruinalibus
1553 2729 1614 2772 ob

274 2813 461 2855 stamina
496 2812 669 2856 fertilia
700 2825 743 2855 et
771 2810 937 2855 sterilia
967 2812 1140 2858 mixta,
1186 2807 1520 2852 Columniferis
1551 2805 1614 2849 ob

272 2891 579 2948 Pterospermi
626 2889 853 2950 pistillum
918 2886 1340 2947 subpedicellatum.
1419 2883 1611 2927 Festivis

275 2966 498 3009 accedunt
530 2966 644 3010 tubo
669 2966 939 3014 staminum,
981 2964 1090 3007 licet
1123 2980 1219 3006 non
1257 2959 1609 3006 alternanthero,

274 3058 435 3103 genera
470 3040 694 3084 nonnulla
728 3059 751 3085 e
784 3041 1062 3100 Hesperideis
1101 3041 1185 3095 (N.
1206 3040 1296 3094 65.)
1339 3051 1383 3081 et
1417 3035 1609 3082 Trihila·

277 3122 334 3163 tis
348 3118 551 3174 (N.61.).
613 3118 973 3175 Quodammodo
998 3118 1298 3176 Hyperioneis
1326 3115 1505 3171 (N.5s)-)
1531 3127 1607 3169 np-

1448 3186 1608 3245 proxi·
