2039 3522
332 222 396 255 ’τι
820 202 1400 256 PRAEMONENDA.

342 345 525 396 iulium
555 346 830 406 notitiam,
884 348 937 394 in
983 364 1198 414 quarum
1244 345 1499 414 completa
1544 345 1896 400 delineatione

340 436 544 486 demum
573 435 804 484 altissima
824 450 875 486 et
895 438 1240 504 pulcherrima
1267 437 1430 498 simul,
1471 457 1537 488 ex
1560 451 1799 487 anteacto
1821 440 1899 487 in-

342 527 572 576 credibili
607 526 872 592 analyseos
913 540 963 575 ct
1003 528 1405 592 comparationis
1443 529 1621 580 labore
1652 529 1900 579 resultan-

342 619 417 667 tia
439 657 451 680 ,
494 619 546 666 in
580 617 911 685 conspectum
943 619 1173 667 veniant.

482 804 606 854 Non
635 805 749 854 ideo
769 842 783 864 ,
826 805 943 872 quia
971 804 1137 853 adhuc
1160 801 1316 871 longe
1352 802 1500 852 distat
1530 803 1613 852 hic
1639 803 1800 864 felix,
1854 819 1906 854 et

347 909 627 963 exoptatus
653 897 903 945 terminus
921 934 934 957 ,
988 897 1050 947 de
1094 915 1149 945 re
1191 894 1299 962 ipsa
1343 895 1731 962 desperandum.
1804 898 1906 944 Re-

345 987 615 1056 spiciamus
662 988 726 1036 ad
757 987 1043 1036 naturalem
1079 988 1391 1037 familiarum
1419 988 1567 1055 regni
1597 989 1906 1056 vegetabilis

349 1079 612 1146 aspectum
629 1117 643 1139 ,
683 1080 773 1149 qui
799 1083 899 1146 jam
924 1080 1045 1128 olim
1074 1092 1248 1145 patres
1274 1079 1548 1139 scientiae,
1588 1079 1774 1131 vastam
1799 1099 1907 1130 mo·

345 1172 447 1220 lem
473 1172 672 1220 ruditer
701 1173 1059 1221 adumbrantes
1077 1210 1089 1233 ,
1129 1173 1243 1220 luce
1270 1171 1356 1220 sua
1396 1152 1609 1229 afful'fit3
1653 1174 1744 1240 qui
1769 1173 1911 1223 omni

346 1263 552 1312 homini
579 1264 633 1311 in
665 1264 1062 1313 distinctioribus
1096 1276 1148 1313 et
1183 1263 1456 1312 ditioribus
1491 1265 1640 1331 regni
1671 1263 1908 1330 partibus

348 1368 409 1402 ut
434 1353 720 1403 verissimus
749 1369 988 1423 apparet3
1029 1355 1410 1422 perpendamus
1429 1393 1441 1415 ,
1486 1369 1729 1422 quantam
1759 1357 1908 1404 certi·

349 1447 585 1495 tudinem
625 1446 709 1494 hic
752 1447 1017 1496 character
1042 1445 1163 1495 inde
1191 1466 1219 1495 a
1245 1447 1467 1496 Linnaei
1495 1447 1817 1512 temporibus
1849 1448 1912 1498 fit

350 1538 568 1605 adeptus
586 1574 598 1596 ,
641 1552 690 1587 et
709 1558 735 1587 a
762 1539 1028 1608 progressu
1053 1540 1107 1588 in
1135 1552 1238 1588 tam
1265 1540 1412 1588 brevi
1441 1539 1607 1606 spatio
1635 1539 1911 1588 concluda-

347 1650 480 1690 mus,
511 1644 731 1699 quantus
755 1632 947 1680 futuris
972 1631 1154 1680 seculis
1174 1669 1187 1691 ,
1227 1632 1379 1680 [imin
1405 1631 1581 1681 labore
1598 1669 1611 1692 ,
1653 1646 1702 1681 et
1729 1634 1910 1702 ingen·

346 1723 452 1772 tius
481 1724 742 1773 cumulato
769 1725 1105 1773 inventorum
1129 1722 1367 1772 thesauro
1386 1760 1398 1783 ,
1439 1723 1534 1772 effe
1562 1725 1773 1791 poterit.

492 1910 721 1958 Omnino
747 1909 1043 1976 phantasiae
1070 1927 1166 1975 ope
1189 1944 1201 1967 ‚
1251 1926 1343 1973 per
1379 1906 1571 1957 sensum
1607 1907 1915 1975 physiogno-

351 2001 569 2061 micum,
626 2001 839 2050 totalem
888 2000 1262 2067 expressionem
1309 2018 1477 2047 rerum
1525 2012 1647 2047 ante
1684 1999 1913 2064 analyfin

351 2093 754 2160 percipientem,
819 2093 1100 2160 designatio
1154 2091 1464 2140 familiarum
1519 2091 1716 2158 incipit.
1815 2092 1916 2140 Sed

351 2185 509 2251 longe
539 2183 669 2233 abest
691 2223 703 2244 ,
747 2184 886 2253 quod
912 2186 964 2232 in
991 2186 1086 2233 hac
1114 2183 1217 2232 sola
1237 2222 1250 2243 ,
1294 2196 1342 2231 et
1379 2184 1516 2250 quasi
1548 2201 1731 2238 coeca,
1772 2201 1913 2232 men-

353 2281 420 2325 tis
451 2278 782 2343 operatione,
826 2279 992 2324 omnis
1020 2277 1172 2342 hujus
1199 2275 1549 2322 limilitudinis
1586 2278 1777 2323 veritas
1808 2275 1917 2323 vxi-

353 2369 459 2417 liat.
534 2370 777 2436 Longus,
839 2368 1068 2427 sobrius,
1130 2381 1181 2416 et
1223 2366 1503 2433 perpensus
1548 2367 1692 2414 labor
1736 2367 1916 2431 potius

352 2461 598 2521 affirmat,
642 2479 773 2530 quae
812 2460 942 2519 cito,
982 2460 1064 2507 sed
1103 2472 1271 2516 certe,
1332 2458 1531 2528 alisii-ue*
1569 2459 1800 2506 idearum
1840 2477 1914 2508 re-

351 2553 617 2603 velatione
637 2592 649 2615 ,
691 2551 936 2602 sei-ischas
964 2551 1014 2600 se
1041 2551 1421 2618 imprimebant.

488 2761 757 2819 Vidimus,
799 2759 938 2827 quod
967 2776 1216 2807 novarum
1249 2759 1558 2816 formarum,
1614 2769 1764 2805 antea
1793 2772 1918 2823 quas

1587 2847 1920 2916 gularissima-

353 2965 482 3004 rum,
523 2944 714 2992 notitia
740 2980 753 3002 ,
807 2942 964 2989 solum
1001 2944 1142 3009 prius
1176 2954 1294 2990 nota
1318 2978 1329 2999 ,
1373 2954 1424 2988 ct
1458 2940 1787 2997 confirmata,
1831 2956 1920 2985 au·

353 2853 490 2901 orbis
543 2852 777 2900 eruditus
820 2850 1121 2916 ignorabat,
1193 2867 1471 2915 earumque
1510 2849 1579 2895 Γιιι

349 3037 510 3086 ctiora
544 3034 862 3098 reddiderit,
911 3053 1018 3084 non
1047 3034 1390 3091 refutaverit3
1436 3032 1658 3083 vidimus
1688 3027 1921 3077 subtilio-

1817 3138 1867 3168 I'C
1874 3138 1919 3167 m
