2039 3522
357 191 442 239 ῳ
586 216 592 221 .
684 214 730 218 .,
772 175 918 228 Claff.
955 177 1053 227 111.
1117 179 1547 229 RINGENTES.

403 330 696 338 -.--‚---.---..
1106 324 1110 328 .
1144 323 1171 335 ‚-
1195 323 1200 327 .
1896 330 1898 332 .

841 753 1261 826 Classis
1337 758 1459 823 ΙΙΙ.

513 898 1782 970 RINGENTES.

374 1158 411 1202 C
427 1160 470 1202 11
485 1159 525 1201 A
538 1159 579 1200 R
594 1158 633 1201 Α
645 1158 681 1201 C
697 1158 737 1200 T
751 1158 790 1200 E
804 1159 861 1200 R.
919 1154 1072 1200 Petala
1107 1156 1316 1200 distincta
1341 1157 1602 1219 inaequalia
1615 1190 1628 1209 ,
1670 1156 1925 1220 inaequali·

569 1248 635 1278 ter
661 1235 911 1293 composita
934 1233 985 1276 in
1008 1231 1172 1276 florem
1198 1234 1515 1294 irregularem.

374 1402 419 1446 Υ)
442 1405 716 1448 IFFERE
734 1404 939 1449 NTIA.
1013 1402 1258 1462 Suppofita
1281 1402 1578 1462 regularitate
1609 1403 1780 1448 florum
1818 1403 1926 1448 clas-

568 1482 621 1524 fis
648 1482 850 1540 primae,
892 1482 1138 1529 secundae,
1184 1493 1396 1539 quartae,
1440 1482 1595 1524 eadem
1631 1481 1728 1540 ipsa
1768 1480 1927 1526 distin-

570 1572 824 1618 guerentur
859 1558 994 1602 flores
1038 1575 1060 1600 e
1096 1558 1356 1617 praesente3
1412 1558 1674 1618 petalorum
1713 1558 1926 1617 plurium

569 1636 823 1695 praesentia
848 1654 872 1679 a
895 1634 1210 1696 monopctalis
1246 1635 1422 1694 semper
1450 1636 1711 1684 differrent,
1763 1637 1848 1678 smt
1870 1635 1926 1678 il-

571 1714 637 1757 lae
664 1713 896 1772 regulares
919 1712 996 1755 vel
1020 1728 1116 1755 non
1133 1745 1143 1761 ,
1176 1712 1438 1769 pertineant
1465 1713 1520 1754 ad
1548 1711 1723 1754 claffem
1752 1729 1774 1754 a
1800 1726 1924 1772 peta·

570 1792 619 1834 lo
648 1791 788 1833 unico
814 1790 1103 1832 nominatam
1146 1790 1345 1837 sextam,
1402 1790 1445 1832 ei
1481 1790 1746 1849 proximam
1788 1791 1923 1849 septi-

567 1885 712 1916 mam,
743 1866 835 1916 vel,
861 1868 963 1910 casu
989 1866 1234 1910 accessorio
1251 1899 1262 1916 ‚
1296 1866 1352 1909 ad
1378 1866 1553 1910 claffem
1582 1880 1823 1926 quartam;
1853 1885 1922 1912 re·

573 1947 784 1989 rederent
807 1943 994 1986 eandem
1023 1943 1082 1987 ob
1109 1945 1285 1986 causam
1318 1960 1341 1986 a
1375 1943 1503 1987 classe
1531 1946 1716 2004 quinta,
1759 1945 1924 2004 petalis

575 2024 747 2065 orbata.
818 2021 893 2064 Sic
932 2034 976 2063 et
1014 2021 1124 2064 fines
1162 2021 1303 2076 hujus
1343 2022 1725 2081 congregationis
1752 2021 1927 2081 absque

574 2101 708 2143 omni
754 2097 902 2141 dubio
947 2097 999 2139 in
1035 2098 1324 2157 praevalente
1360 2100 1615 2160 specierum
1653 2099 1752 2155 ejus
1789 2100 1926 2160 copia

572 2178 908 2236 intelligantur.

381 2340 434 2382 M
453 2338 611 2382 ONE
630 2335 805 2378 NDA.
867 2333 1146 2393 Irregulares
1172 2334 1520 2392 monopetalae,
1567 2351 1605 2376 e.
1644 2350 1686 2393 g.
1725 2351 1747 2376 e
1782 2335 1926 2379 Lilia-

576 2414 693 2461 ceis,
729 2412 1075 2470 Monopetalis,
1108 2425 1151 2454 et
1176 2413 1307 2453 omni
1335 2411 1509 2454 familia
1539 2413 1927 2470 Compofitarum,

575 2491 637 2534 ob
663 2487 887 2534 corollam
916 2489 1167 2532 indivisam
1192 2505 1288 2532 non
1326 2488 1501 2531 classem
1541 2490 1821 2548 praesentem
1856 2491 1926 2532 in·

577 2583 696 2612 trare
733 2567 950 2626 possunt;
996 2581 1147 2610 tamen
1179 2565 1408 2609 nonnulla
1434 2565 1574 2609 dubia
1601 2567 1714 2610 alius
1752 2566 1930 2611 indolis

574 2658 933 2694 removeantur,
989 2644 1159 2688 necess'e
1198 2645 1287 2693 eft,
1342 2642 1474 2686 facile
1514 2643 1688 2687 limites
1728 2643 1929 2688 clasfium

580 2723 927 2768 confundentia.

578 2878 736 2922 Clasfis
763 2882 1000 2939 praesens,
1033 2880 1137 2922 licet
1166 2896 1260 2922 non
1290 2881 1383 2923 sola
1424 2881 1474 2922 fit
1509 2878 1724 2928 corollis,
1778 2877 1927 2921 immo

577 2955 864 3016 Polypetalis
888 2991 899 3006 ‚
945 2958 1278 3016 irregularibus
1305 2957 1548 3006 instructa,
1594 2970 1637 2999 et
1677 2956 1726 2997 in
1766 2955 1931 3013 specie-

590 3033 678 3076 bus
704 3034 938 3078 interdum
963 3036 1059 3095 ipsa
1088 3035 1141 3079 ab
1168 3035 1505 3095 irregularitate
1527 3033 1632 3092 plus
1666 3031 1741 3077 vel
1777 3034 1934 3075 minus

1742 3109 1935 3161 recedat,
