2039 3522
246 297 533 351 Ord.VIII.
554 296 695 344 Fam.
724 314 762 344 1.
787 293 1545 348 TEREBINTIIIN.-x(31zAE.
1612 303 1675 364 69

311 439 359 481 lo
385 437 613 478 incurvo:
648 453 669 477 a
698 436 910 478 Rucaceis
934 434 1116 478 defectu
1145 434 1426 483 :nlbuminism
1459 436 1559 484 vel,
1593 439 1674 481 ubi

313 514 455 562 adest,
500 513 657 555 fructu
691 514 944 571 1-spcrmo;
1001 528 1024 554 a
1052 513 1268 556 Violariis
1293 513 1484 557 demum
1520 513 1675 557 fructu

314 592 566 649 vsperum,
599 589 702 640 vel,
733 591 761 631 s1
791 590 1118 650 polyspcrmus
1155 589 1242 638 est,
1299 589 1669 638 multiloculari,

308 668 562 712 seminibus
589 669 638 710 in
677 681 837 712 centro
865 668 1058 712 fructus.

308 824 452 866 Exn-a
481 824 655 867 classem
686 824 989 867 Rosacearum
1019 835 1063 866 et
1099 824 1390 883 comparatio
1426 822 1666 866 instituen-

307 900 378 945 da.
440 903 654 944 cruciatis
680 899 981 944 assimilantur
1015 901 1244 944 nonnulla
1271 917 1437 959 genera
1464 899 1664 955 (Ptelea,

309 991 354 1020 et
389 994 480 1037 qua
516 989 691 1036 partem
729 979 946 1035 Amyris,
990 980 1193 1026 Brucea,
1240 979 1451 1036 Fagara).
1516 979 1663 1034 Quae-

303 1054 410 1096 dam
466 1069 629 1096 eorum
677 1055 886 1112 germine
935 1052 1193 1112 multiplici
1230 1071 1253 1096 a
1301 1053 1495 1095 familiis
1545 1053 1660 1097 Cru-

303 1130 528 1173 ciatarum
554 1129 832 1179 abhorrent,
888 1129 1093 1189 reliquae
1122 1129 1330 1187 germine
1367 1131 1543 1178 libero,
1583 1131 1663 1173 sta·

300 1207 511 1251 minibus
535 1223 634 1251 non
663 1207 810 1264 calyci
834 1208 1043 1256 insertis,
1088 1206 1245 1249 fructu
1282 1222 1379 1250 non
1414 1206 1662 1264 filiquoso,

298 1283 413 1327 flore
446 1301 529 1328 nec
568 1286 915 1342 tetradynamo,
956 1300 1039 1326 nec
1075 1283 1369 1342 polyandro,
1420 1284 1658 1327 recedunt.

298 1363 574 1418 Irregulares
609 1362 978 1416 (Anacardium,
1031 1359 1303 1416 Toluifera)
1349 1362 1538 1419 quidem
1577 1364 1657 1403 Pa-

293 1438 575 1497 pilionaceis
602 1451 646 1481 et
673 1441 855 1489 fructu,
902 1453 946 1482 et
968 1438 1249 1496 embiyone,
1293 1451 1338 1481 et
1360 1437 1655 1487 staminibus.

294 1515 432 1560 valde
456 1516 650 1564 similes,
683 1517 950 1575 discrepant
975 1515 1156 1558 defectu
1189 1514 1476 1575 stipularum.
1557 1516 1655 1559 Tri-

292 1594 449 1651 petala
487 1594 788 1647 (cneorum,
830 1591 1094 1652 Rumphia,
1139 1591 1466 1641 Comocladia,
1508 1593 1652 1636 Cana-

296 1672 450 1720 rium,
490 1672 716 1725 Butlera)
757 1686 780 1712 a
821 1670 1048 1730 tripetalis
1090 1686 1112 1713 e
1150 1669 1343 1713 familiis
1368 1668 1652 1729 Ephemera-

293 1763 428 1796 rum,
486 1751 832 1796 Potamearum,
884 1747 1299 1805 Hydrocharidum
1324 1779 1337 1794 ,
1392 1746 1651 1790 Bromelia-

295 1840 401 1867 rum
423 1856 435 1872 ‚
472 1837 516 1866 et
542 1824 902 1879 Melanojarum,
941 1824 1221 1880 embryone,
1253 1822 1408 1870 foliis,
1441 1823 1653 1881 germine

294 1899 520 1959 simplici,
573 1899 754 1959 ubique
792 1900 1031 1943 differunt.
1097 1900 1280 1942 Restant
1325 1914 1451 1941 nunc
1485 1914 1649 1957 genera

291 1979 476 2034 apetala
501 1978 752 2030 (Pistacia,
785 1977 1004 2034 Juglans,
1043 1976 1330 2024 Dodonaea,
1362 1975 1650 2030 Xanthoxy-

293 2054 452 2108 lum),
485 2069 601 2113 quac
626 2053 686 2095 ob
716 2053 959 2101 habitum,
1016 2052 1206 2095 seminis
1241 2065 1285 2094 et
1322 2052 1501 2094 fructus
1534 2053 1645 2095 stru-

292 2144 497 2178 cturam,
539 2143 583 2173 et
607 2129 764 2173 locum
794 2129 1087 2190 plantarum,
1132 2129 1281 2171 solum
1317 2129 1506 2172 familiis
1543 2131 1645 2172 Sca·

292 2207 535 2250 bridarum
561 2220 605 2250 et
631 2209 957 2251 Tricoccamm
987 2208 1271 2266 opponenda
1295 2207 1416 2250 sunt.
1479 2205 1645 2249 qulti-

288 2285 491 2328 loculare
517 2301 680 2328 eorum
697 2318 707 2334 ‚
739 2302 761 2326 a
786 2285 1019 2328 Scabridis
1045 2284 1152 2327 ideo
1176 2283 1544 2332 removendum,
1576 2298 1644 2325 ca-

290 2375 359 2405 ret
394 2362 650 2406 charactere
688 2363 1019 2406 Tricoccarum
1054 2361 1298 2410 effentiali3
1329 2359 1457 2404 aliud
1477 2360 1646 2421 germi-

288 2456 346 2483 ne
369 2439 627 2500 multiplici
653 2439 793 2499 longe
819 2439 874 2484 ab
901 2439 1147 2482 Inundatis
1173 2439 1374 2481 alienum
1392 2470 1404 2487 ,
1456 2436 1646 2482 foliatu-

289 2532 338 2559 ττι
366 2517 558 2576 pinnata
583 2529 627 2560 et
651 2530 872 2577 punctata
897 2517 1000 2560 aliis
1027 2514 1454 2560 Terebinthinaceis
1481 2514 1644 2575 proxi·

288 2609 449 2643 mum3
480 2597 824 2654 monospeima,
858 2593 1089 2638 scabridis
1115 2592 1362 2641 similiora,
1395 2591 1450 2635 ab
1479 2591 1542 2634 eis
1572 2590 1642 2634 di·

290 2670 587 2730 stinguuntur
609 2673 765 2716 fructu
801 2687 973 2731 magno
1013 2671 1272 2728 drupaceo,
1325 2685 1423 2713 non
1460 2668 1642 2711 semini·

291 2747 459 2797 sormi,
502 2748 724 2807 foliisque
753 2747 1072 2808 exstipulaceis
1099 2760 1142 2791 et
1175 2746 1410 2807 pinnatis,
1453 2745 1642 2806 quaein

291 2823 522 2867 Scabridis
548 2826 828 2886 plerumque
869 2824 1092 2885 simplicia
1120 2837 1164 2868 et
1187 2823 1416 2884 stipulata.

100 2979 232 3023 AFF
248 2980 270 3021 I
286 2979 332 3023 N
351 2981 372 3020 I
387 2979 477 3021 TA
492 2980 531 3020 T
545 2981 582 3020 E
598 2981 640 3022 S.
700 2980 1344 3026 AdstantTerebinthinaceao
1369 2994 1467 3023 non
1494 2978 1642 3021 [olum

290 3055 526 3114 proximis
555 3056 773 3099 Rhamnis
799 3060 882 3112 (N.
909 3061 1030 3117 44),
1074 3057 1301 3103 anomalia
1318 3089 1329 3105 ,
1373 3069 1417 3099 et
1442 3052 1644 3098 nonnul-

293 3133 351 3178 lis
387 3131 678 3179 variantibus
714 3135 854 3192 signis
898 3135 1154 3185 fimilibus,
1207 3134 1348 3178 etiam
1392 3134 1435 3175 se
1473 3131 1650 3174 socssant

1499 3208 1661 3252 Meni-
