2039 3522
358 197 423 249 56
793 193 941 244 Claff.
992 195 1032 243 Ι.
1098 193 1489 244 ROSACEAE.

555 322 712 381 itaque
747 321 897 365 solum
942 323 1162 366 Rhamnis
1200 332 1244 362 et
1288 321 1692 367 Terebinthinaceis
1729 337 1914 384 compa·

555 399 724 441 randae
759 401 878 442 sunt.
920 402 986 442 -A
1026 394 1481 448 Terebinthinaceis,
1537 402 1569 443 fi
1602 399 1918 445 albuminosae

556 477 688 522 sunt,
734 476 961 517 differunt
996 461 1221 517 Rutaceae
1259 474 1431 531 partim
1472 479 1678 534 germine
1702 478 1916 537 simplici,

556 551 727 611 partim
768 548 970 593 corollae
1007 549 1276 608 praesentia.
1336 550 1544 595 Rhamni
1571 555 1774 615 dispares
1813 555 1921 598 sunt

557 628 799 678 Rutaceis,
847 639 926 670 aut
961 626 1117 672 valvis
1153 627 1311 670 medio
1352 628 1607 686 septiferis,
1640 646 1718 675 aut
1744 633 1920 676 fructu-

558 705 646 749 bus
668 706 886 753 succofis,
930 703 1113 754 claufis,
1146 718 1226 748 aut
1252 704 1506 748 albuminis
1531 705 1726 752 defectu.

562 841 884 896 Ten-apeculae
904 842 1134 884 Rutaceae
1158 839 1393 899 plerisque
1419 840 1801 885 distinctionibus
1827 844 1923 898 jam

558 920 691 976 juxta
718 918 971 962 T1ihilatas
998 916 1289 978 tetrapetalas
1320 919 1703 962 commemoratis
1721 903 1744 968 ,ι
1780 936 1802 961 a
1828 919 1924 962 for-

557 997 650 1039 mis
680 997 835 1039 Clasfis
859 996 1081 1038 secundae
1111 994 1342 1053 legitimis
1372 997 1668 1055 separantur,
1703 996 1810 1039 licet
1833 997 1924 1053 sty-

558 1074 606 1117 lo
634 1074 833 1131 simplici
859 1086 903 1115 et
928 1073 1164 1116 albumine
1189 1073 1338 1131 magis
1365 1089 1471 1116 cum
1500 1073 1781 1132 quibusdam
1811 1089 1924 1116 con·

559 1151 775 1199 veniant,
831 1164 883 1193 ut
925 1167 1030 1192 cum
1069 1149 1377 1199 Guttaeferis,
1436 1168 1634 1209 quarum
1671 1151 1784 1194 folia
1826 1167 1926 1194 non

561 1229 817 1287 possident,
851 1240 894 1270 et
918 1227 1182 1272 Rhoeadeis
1199 1258 1211 1275 ,
1245 1243 1442 1285 quarum
1472 1227 1609 1283 calyx
1633 1244 1831 1271 numero
1847 1245 1926 1286 pe·

561 1307 667 1349 talis
694 1322 790 1352 non
815 1305 1067 1362 respondet
1091 1317 1134 1347 et
1160 1320 1360 1362 quarum
1388 1305 1579 1347 stamina
1600 1306 1703 1347 sunt
1727 1305 1925 1349 diversa.

562 1382 916 1441 Inregularibus
946 1383 976 1424 s.
1007 1380 1315 1439 Ringentibus
1337 1382 1549 1424 accedere
1573 1382 1928 1425 videnturnon-

563 1460 692 1504 :nulla
731 1464 1040 1503 Rutacearum
1079 1474 1269 1516 genera,
1327 1460 1384 1500 fic
1409 1471 1461 1501 ut
1483 1458 1650 1501 ssmiles
1679 1459 1929 1502 Trihilata-

565 1555 670 1582 rum
691 1571 700 1586 ,
734 1537 944 1595 germine
970 1534 1369 1588 niultifollictilai·i
1405 1553 1428 1577 a
1456 1535 1796 1596 Papilionaceis
1822 1537 1928 1579 satis

567 1616 895 1675 discrepantes.
956 1616 1018 1658 At
1048 1630 1194 1673 genus
1220 1613 1467 1672 Empleuri
1497 1615 1805 1672 rspermum,
1838 1613 1929 1656 fol-

566 1693 714 1736 liculo
730 1693 890 1741 unico,
923 1692 1045 1751 quasi
1072 1690 1265 1739 laterali,
1291 1704 1472 1734 tantum
1498 1689 1737 1746 superstite
1763 1689 1931 1732 instru-

564 1783 723 1819 ctum,
753 1768 889 1813 simul
914 1781 967 1810 ut
991 1768 1313 1820 incompletum
1339 1767 1489 1810 solum
1518 1766 1786 1824 calycinum
1804 1799 1815 1816 ,
1861 1767 1929 1810 di-

565 1847 741 1906 stingui
764 1857 985 1888 meretur.
1045 1847 1146 1889 Nec
1172 1843 1257 1887 ulli
1285 1843 1685 1904 Incompletarum
1712 1844 1928 1894 familiae,

566 1940 676 1972 nec,
723 1923 784 1967 ob
821 1922 1067 1970 albumen,
1110 1920 1449 1981 Papilionaceis
1486 1921 1675 1983 apetalis
1714 1922 1803 1965 erit
1851 1922 1928 1966 ad-

571 2001 881 2045 scribendum.

372 2162 510 2206 AFF
526 2163 612 2207 IN
629 2164 650 2203 I
666 2162 759 2204 TA
775 2161 866 2203 ΤΕ
883 2162 927 2202 S.
989 2162 1047 2201 In
1070 2157 1164 2202 hoc
1190 2158 1380 2208 ordine,
1436 2170 1505 2207 et,
1538 2173 1628 2218 qua
1665 2155 1929 2200 albumino-

571 2240 666 2288 sae,
723 2241 950 2282 Rutaceae
987 2236 1206 2296 proxime
1244 2242 1429 2292 junctae
1463 2237 1566 2278 sunt
1596 2235 1931 2296 Viola1·iis(N5

570 2317 665 2374 46.)
682 2348 692 2364 ,
739 2314 936 2358 floribus
962 2314 1151 2373 insuper
1176 2313 1524 2371 inregularibus
1550 2326 1595 2356 et
1621 2308 1853 2355 calc-‘tratis
1879 2311 1932 2354 in

573 2407 770 2452 utraque
793 2392 968 2435 familia
997 2393 1343 2452 praesentibus;
1389 2391 1461 2434 his
1489 2390 1686 2434 floribus
1704 2424 1714 2439 ,
1758 2403 1801 2432 ct
1826 2389 1932 2449 qui-

573 2472 676 2515 dem
715 2471 764 2512 in
802 2471 951 2528 specie
974 2469 1467 2527 calycino-calcaratis,
1501 2468 1839 2527 fructubusque
1864 2480 1935 2511 to·
1974 2452 1981 2460 „

572 2550 761 2596 ιἰιΙοῦε,
809 2549 851 2590 se
889 2548 1068 2591 sociant
1107 2547 1403 2593 Gruinalibus
1426 2547 1511 2599 (N.
1537 2547 1633 2602 56.)
1670 2559 1714 2588 et
1741 2545 1934 2588 Trilu‘la-

572 2630 631 2670 tis
656 2627 873 2682 (N.61.);
904 2625 1248 2684 irregularitate
1269 2609 1441 2667 *florum
1467 2624 1778 2683 quorundam,
1807 2621 1933 2664 albu·

570 2706 699 2748 mine
715 2738 725 2753 ,
768 2717 814 2746 et
835 2703 949 2763 pilis
976 2702 1325 2762 glandularibns
1345 2734 1357 2751 ,
1401 2701 1682 2760 saxifrageis
1706 2702 1789 2755 (N.
1812 2699 1932 2757 48.);

574 2782 811 2825 albumine
861 2795 904 2824 et
941 2781 1216 2839 embryonis
1258 2780 1406 2822 fornia
1454 2781 1662 2822 'I'iliacois
1701 2779 1784 2833 (N.
1811 2779 1932 2831 55.);

576 2859 823 2903 {ructubus
855 2860 1097 2907 torulofis,
1131 2857 1400 2917 glandulosa
1434 2857 1562 2901 ssoris
1590 2857 1704 2906 bafi,
1747 2854 1934 2897 foliatu-

575 2955 623 2981 m
651 2939 778 2998 saepe
813 2951 987 2980 tornata
1017 2951 1059 2980 et
1086 2938 1302 2996 pinnata,
1335 2934 1569 2993 glandulis
1593 2932 1805 2977 et⁷succis
1834 2933 1935 2973 refi-

575 3017 721 3066 nofis,
777 3014 1127 3073 seminibusque
1169 3013 1385 3064 armatis,
1451 3011 1673 3058 omnibus
1711 3009 1786 3052 his
1824 3008 1936 3050 hinc

1737 3087 1941 3146 indeque
