2039 3522
641 305 1216 360 PRAEMONENDA.
1647 337 1707 371 ,χ

150 454 411 512 bendum,
473 450 655 500 clarius
696 468 977 516 exponens.
1061 452 1270 501 Haecce
1308 451 1567 504 molimina
1606 465 1704 522 jam

150 546 408 613 prodeunt
430 563 456 593 e
475 543 698 592 Linnaei
728 542 1174 608 praelectionibus,
1213 561 1306 611 per
1321 543 1583 596 Gisekium
1608 552 1712 599 edi.

154 637 303 693 ditis;
337 635 610 688 Jusfievius
635 673 646 692 ‚
689 635 776 700 qui
818 648 921 682 tam
966 634 1178 701 pulchra
1216 635 1488 701 praestitit.
1548 638 1710 693 folum

155 728 277 776 hinc
315 728 538 795 indeque
577 726 826 795 quaedam
864 727 1056 773 monita
1088 725 1391 792 diagnostica
1421 728 1521 777 suis
1549 749 1709 798 appo.

153 819 266 868 fuit.
343 818 606 886 Expresfis
645 816 812 865 verbis
839 815 939 864 huc
966 817 1166 864 tentavi
1201 818 1262 864 ad
1290 819 1537 886 singulam
1563 824 1709 873 fami.

158 910 277 958 liam
311 923 488 958 notare
515 908 685 956 causas
715 905 1050 956 distinctionis
1086 908 1331 972 ejusdem,
1371 924 1428 958 ut
1458 914 1592 980 apud
1621 931 1713 964 no-

156 1003 347 1050 tionem
376 999 628 1058 fannliae,
667 999 747 1047 vel
769 999 991 1066 generis,
1018 999 1081 1047 ad
1115 1013 1298 1047 certam
1325 1002 1569 1052 familiam
1597 1024 1712 1071 per.

155 1093 398 1150 timentis,
452 1090 593 1138 simul
641 1091 869 1138 rationes
911 1086 1213 1157 cogitandae
1257 1091 1441 1152 effent‚
1493 1094 1556 1142 ob
1591 1115 1716 1162 quas

154 1184 492 1251 congregatio
548 1200 575 1229 a
630 1180 841 1250 reliquis
895 1181 949 1229 in
988 1193 1100 1230 toto
1142 1182 1504 1249 vegetabilium
1556 1205 1716 1257 regno

161 1273 404 1324 differens
431 1274 492 1322 fit
523 1271 776 1322 habenda.

293 1456 535 1505 Botanici
559 1454 874 1524 perspicient
895 1494 907 1516 ‚
950 1474 1081 1524 quae
1105 1469 1207 1504 tam
1236 1458 1291 1505 in
1332 1457 1460 1507 serie
1495 1461 1712 1512 familia·

156 1566 269 1596 rum
311 1547 411 1597 huc
450 1548 714 1615 exposita,
786 1565 937 1616 quam
979 1549 1033 1596 in
1075 1565 1247 1597 earum
1296 1549 1710 1615 adumbratione,

156 1641 396 1689 Linnaeo
419 1678 432 1700 ,
469 1639 747 1700 Jusfievio,
786 1640 868 1689 vel
895 1639 1050 1699 mihi,
1092 1642 1300 1707 propria
1326 1641 1475 1698 funt3
1517 1643 1714 1692 consul·

158 1732 264 1780 tius
312 1732 542 1791 credidi,
607 1731 842 1798 spernere
888 1730 1277 1781 ostentationem
1318 1733 1370 1779 in
1416 1751 1498 1793 re,
1566 1754 1716 1803 quam

162 1824 331 1870 animo
375 1824 576 1889 integro
619 1824 816 1889 semper
857 1823 1164 1882 tractabam,
1232 1837 1281 1871 et
1323 1843 1457 1891 quae
1507 1827 1719 1875 unicum

159 1927 360 1961 tantum
411 1913 650 1980 scopum,
719 1915 1098 1979 promotionem
1140 1916 1360 1962 maxime
1410 1917 1718 1966 venerabilis

163 2024 189 2053 e
219 2004 466 2053 scientiae
491 2004 763 2053 botanicae
790 2004 1028 2071 partibus
1049 2042 1063 2063 ‚
1106 2024 1347 2072 quaerere
1378 2006 1560 2064 debet;
1601 2026 1716 2074 pro-

161 2098 444 2145 motionem
472 2097 632 2163 partis
658 2094 931 2155 scientiae,
973 2114 1132 2162 quae,
1170 2096 1277 2163 post
1301 2095 1497 2158 secula,
1539 2100 1602 2149 de
1628 2117 1720 2150 no·

162 2204 227 2237 vo
254 2187 589 2256 ingeniorum
617 2187 817 2236 labores
848 2187 1167 2255 provocabit.

303 2391 662 2441 Fundamento
692 2392 851 2440 totius
881 2391 1029 2458 posui
1057 2410 1294 2459 mappam
1331 2393 1473 2462 quasi
1509 2410 1724 2462 geogra-

164 2484 398 2551 phicam,
435 2483 517 2532 vel
549 2484 721 2550 potius
761 2501 890 2550 opus
921 2482 1278 2541 reticulatum,
1329 2485 1472 2534 varie
1514 2503 1724 2546 nexum,

167 2576 224 2621 in
263 2574 439 2623 tabula
484 2573 819 2634 affinitatum,
873 2593 1023 2642 quam
1068 2572 1177 2640 post
1203 2575 1379 2641 plures
1407 2574 1607 2627 demum
1638 2594 1726 2625 an·

169 2683 262 2712 nos
283 2702 297 2725 ,
347 2667 401 2715 i‘n
429 2665 524 2714 hac
550 2668 709 2714 forma
729 2704 742 2726 ‚
783 2678 964 2714 natura
996 2666 1157 2732 magis
1185 2665 1525 2719 consentanea
1543 2703 1557 2726 ‚
1597 2667 1726 2717 deli·

169 2774 323 2805 neare
350 2759 584 2825 contigit.
660 2759 942 2807 Servantur
971 2758 1024 2805 in
1065 2755 1148 2804 ista
1192 2757 1365 2805 tabula
1411 2756 1587 2826 plures
1628 2761 1729 2823 jam

171 2847 233 2895 ab
262 2847 660 2897 antecessoribus
690 2848 904 2897 statutae
923 2885 936 2908 ,
986 2848 1345 2901 similitudines
1365 2885 1382 2908 ,
1429 2847 1728 2916 marginali-

169 2951 249 2987 ter
279 2939 498 2987 familias
527 2953 822 3000 nectenteS,
875 2953 926 2988 et
954 2939 1094 3006 quasi
1136 2939 1263 3006 legis
1307 2951 1521 2991 naturae
1559 2937 1729 2998 instar,

169 3034 268 3096 jam
310 3030 671 3088 confirmatam
741 3031 1013 3081 servantur
1046 3048 1260 3098 magnae
1301 3029 1726 3097 congregationes

172 3120 397 3169 classium
422 3142 434 3179 ς
476 3135 525 3170 et
552 3121 722 3189 plures
758 3122 1018 3171 adduntur
1043 3139 1208 3171 nexus
1228 3158 1241 3181 ‚
1283 3137 1414 3189 quae
1444 3119 1568 3169 mihi
1587 3155 1599 3177 ,
1639 3135 1726 3169 na-

1561 3221 1727 3259 turam
