2039 3522
441 289 585 342 01-‹10
624 290 692 340 11.
760 290 1310 346 COLUMNARIAE.
1597 319 1658 370 ,5

295 418 416 464 nulli
466 418 669 462 familiae
723 418 833 462 haec
875 420 1171 479 proximior,
1233 438 1370 479 quam
1419 425 1657 485 Pemn'feris

296 499 505 554 (ΝΛΞ.)
564 498 756 540 Leviter
785 511 964 542 mutum
992 497 1140 541 Pliuia
1169 499 1547 559 D1·11.piserar·(N.
1570 512 1658 561 ιο.)

291 576 418 636 quasi
443 575 607 634 tangit.
666 577 808 618 Exn-a
836 576 1050 619 ordinem
1077 578 1323 635 proprium
1344 578 1525 621 vicinae
1559 584 1659 626 sunt

294 651 498 697 {amiliae
530 653 819 711 Onagrarum
854 667 897 696 et
921 653 1338 711 Rhyngantt’aarmn
1383 658 1467 708 (N.
1498 671 1535 708 Τ.
1563 663 1660 712 8.),

290 730 355 776 ob
384 743 619 774 momenta
660 731 750 786 jam
793 731 926 787 supra
963 728 1108 773 allata.
1173 731 1313 774 Plura.
1342 732 1399 776 de
1435 734 1660 778 relatione

288 809 411 851 inter
436 807 514 850 has
542 806 743 850 familias
767 818 812 848 et
836 807 1132 862 Myrtoideas
1158 809 1281 868 apud
1305 810 1425 870 ipsas
1454 828 1658 856 comme-

289 884 574 929 morandum
603 884 704 927 erit.

97 1021 367 1069 LOCUS.
427 1019 538 1060 Fere
564 1016 789 1060 omnibus
827 1018 951 1060 intra
994 1018 1231 1078 tropicos,
1278 1019 1495 1079 pluribus
1530 1041 1655 1081 prae—

290 1095 428 1158 cipue
462 1094 513 1138 in
549 1093 713 1138 insulis
748 1094 890 1137 maris
927 1093 1111 1153 pacifici
1137 1109 1181 1138 et
1210 1098 1350 1141 Nova
1376 1099 1655 1151 Hollaudia:

288 1172 572 1233 paucissimis
610 1186 738 1215 extra
775 1172 1016 1231 tropicum
1057 1172 1411 1234 hospitantibus
1459 1178 1510 1219 in
1556 1179 1656 1234 ejus

290 1250 536 1295 vicinitate
563 1248 798 1294 calidiore.

96 1389 130 1433 P
143 1389 186 1432 R
201 1386 243 1433 O
262 1389 295 1430 P
309 1387 350 1429 R
367 1387 387 1427 Ι
402 1387 440 1427 Ε
456 1386 547 1428 TA
562 1385 601 1427 T
615 1387 652 1427 E
668 1387 711 1427 S.
773 1386 969 1428 Fructus
1012 1384 1159 1444 sapidi
1199 1386 1432 1430 variantes
1448 1402 1459 1437 3
1501 1403 1658 1432 aroma

291 1462 476 1509 varium
505 1474 549 1504 et
570 1461 832 1511 intensum3
866 1461 978 1505 folia
1004 1461 1219 1511 duriora,
1249 1463 1399 1522 rigida
1416 1496 1426 1512 ,
1460 1466 1657 1525 semper-

292 1537 520 1589 virentia;
553 1551 717 1582 natura
741 1539 994 1600 impatiens
1018 1538 1211 1597 frigoris
1233 1539 1476 1596 hyemalis.

178 1967 411 2043 ⁴ordo
458 1969 536 2025 Π.
625 1966 1542 2035 COLUMNARIAE.

100 2147 588 2193 CHARACTER.
649 2147 855 2189 Stamina
887 2148 1182 2208 receptaculo
1220 2149 1379 2202 affixa,
1427 2152 1518 2196 bafi
1558 2154 1652 2198 fila-

292 2237 563 2268 mentorum
598 2222 691 2266 fere
724 2225 902 2284 semper
938 2226 1106 2270 coalita
1140 2227 1191 2269 in
1227 2229 1453 2273 annulum
1479 2231 1554 2275 vel
1582 2246 1652 2276 tu-

291 2302 435 2352 bum;
461 2301 639 2345 fructus
664 2301 1098 2354 multifollieularis,
1124 2305 1349 2350 folliculis
1377 2309 1549 2351 circum
1577 2326 1652 2355 co-

290 2377 530 2423 lumellam
555 2379 762 2423 collectis
779 2372 803 2430 ,'
824 2379 990 2442 illique
1018 2383 1224 2433 adnatis,
1279 2397 1357 2428 aut
1393 2385 1652 2446 impolitis3

294 2457 464 2506 semina
489 2456 724 2518 plerisque
752 2458 1128 2510 exalbuminosa‚
1185 2474 1290 2510 aut,
1342 2463 1374 2505 fi
1409 2479 1535 2514 non,
1591 2465 1653 2508 al·

293 2534 488 2578 bumine
513 2535 818 2593 embryonem
842 2536 1157 2583 recondenda.
1214 2540 1445 2584 Plurimae
1484 2542 1655 2601 species

295 2614 401 2656 sunt
428 2613 679 2674 stipulatae.

102 2723 147 2767 D
165 2725 436 2770 IFFERE
452 2728 654 2771 NTIA.
713 2730 755 2772 A
779 2718 932 2788 priori
961 2728 1296 2787 Frugiferarum
1342 2731 1507 2776 ordine
1549 2735 1655 2778 satis

293 2799 371 2843 hio
395 2803 640 2848 staminum
664 2806 750 2848 fitu
774 2806 971 2855 recedit,
1015 2820 1059 2850 et
1084 2825 1106 2850 a
1134 2807 1429 2866 Saxifrageis‚
1464 2823 1507 2853 et
1522 2813 1651 2854 'Fim-

296 2879 477 2927 briatis,
530 2881 738 2926 fimiliter
773 2883 1121 2941 calycantheris.
1181 2886 1358 2928 Eodem
1396 2886 1652 2931 charactere

295 2956 427 2998 distat
450 2956 503 2999 ab
536 2959 724 3009 ordine,
769 2961 853 3020 qui
898 2961 1255 3005 Umbracularias
1295 2965 1526 3013 eontinet,
1571 2965 1652 3008 ubi

294 3034 483 3078 stamina
506 3037 731 3093 germinis
760 3038 930 3081 vertici
960 3039 1067 3082 sunt
1090 3040 1270 3083 inserta.
1342 3041 1532 3100 Reliqui
1573 3057 1646 3083 01·-

292 3110 449 3162 dines,
479 3127 736 3170 eorumque
752 3114 978 3164 familiae,
1021 3114 1132 3159 licet
1155 3117 1400 3161 staminum
1424 3118 1642 3161 insertio·

1586 3211 1643 3236 ne
