2039 3522
366 159 437 220 64

802 160 951 211 Class'.
1000 164 1041 211 I.
1101 163 1502 215 ROSACEAE.

370 285 410 329 C
423 286 471 329 H
485 287 526 330 A
542 287 634 332 ΒΑ
652 288 687 332 C
704 288 744 331 T
756 291 794 331 E
808 292 865 331 R.
926 290 1134 332 Stamina
1172 287 1378 343 (fertilia.
1397 289 1475 334 vel
1500 290 1831 351 depauperata)
1870 302 1934 335 te-

566 381 674 409 nera
695 397 706 414 ,
740 365 829 408 basi
855 367 906 408 in
930 367 1087 425 plures
1113 365 1362 409 fasciculos
1389 367 1572 411 coalita.
1636 370 1822 410 Semina
1845 383 1936 410 nu·

567 443 771 489 merosa,
815 459 985 501 parva,
1044 441 1422 492 exalbuminosa,
1478 444 1736 503 embryone
1774 444 1935 493 tereti,

567 531 814 580 porrecto,
848 518 979 576 apice
1004 517 1169 562 bifido.

569 673 702 717 Folia
724 672 961 734 plerisque
986 676 1197 735 opposita
1213 707 1226 726 ,
1259 675 1564 736 exstipulacea
1580 707 1593 726 ,
1623 679 1848 724 rarissime
1875 678 1938 722 al·

569 763 728 800 terna,
781 752 859 795 vel
893 752 1158 812 stipulacea.
1221 754 1427 797 Stamina
1466 754 1706 814 plerisque
1731 756 1940 815 aequalia

569 828 757 873 fertilia.
821 832 1115 890 Sauvagefiae
1142 845 1185 875 et
1211 833 1488 880 Parnasfiae‚
1545 831 1784 892 reliquum
1819 832 1942 875 fimi-

568 904 655 955 lis,
688 906 901 952 fasciculi
929 909 1136 952 staminei
1161 909 1661 967 glanduloso-steriles,
1703 923 1943 952 remanen-

575 983 707 1026 tibus
732 995 773 1038 5.
805 985 1079 1030 staminibus
1107 986 1297 1030 alternis
1315 1020 1325 1037 ,
1369 986 1558 1035 liberis,
1590 984 1777 1030 validis.
1839 987 1948 1042 Sty-

572 1059 649 1105 lus
675 1063 898 1106 rarisfime
937 1064 1159 1124 simplex,
1212 1065 1319 1124 styli
1355 1064 1634 1124 plerumque
1679 1060 1943 1110 dimi-ioan,

572 1139 652 1184 vel
675 1140 888 1200 stigmata
915 1142 1099 1192 sefflfia,
1142 1142 1352 1186 [imiliter
1378 1141 1689 1201 divergentia·

376 1300 423 1344 D
439 1301 459 1341 I
475 1300 509 1341 1³
525 1299 609 1342 ΓΕ
624 1301 666 1340 R
677 1301 714 1340 E
729 1299 777 1342 N
791 1299 831 1342 T
846 1301 868 1341 I
882 1299 937 1342 A.
1029 1298 1233 1342 Seminis
1283 1300 1509 1343 structura
1535 1329 1548 1348 ,
1600 1310 1651 1341 et
1696 1296 1950 1339 staminum

576 1376 768 1419 coalitio
798 1376 1105 1434 Hyperionea
1130 1378 1298 1420 resecat
1323 1395 1350 1420 a
1374 1376 1773 1434 praecedentibus,
1807 1374 1951 1417 etiam

575 1453 879 1513 polyandris3
921 1454 1044 1496 inter
1069 1453 1274 1513 reliquas
1305 1455 1507 1497 familias
1525 1486 1536 1502 ‚
1567 1450 1840 1512 staminibus
1868 1469 1951 1494 nu-

579 1547 696 1574 mero
720 1548 756 1572 zs
781 1532 1052 1587 receptaculi
1075 1530 1331 1591 praeditas,
1378 1530 1487 1574 solis
1515 1531 1649 1573 Citro
1678 1542 1722 1573 et
1761 1528 1952 1573 Glabra-

576 1609 645 1651 ria
678 1608 1092 1667 Hesperidearum,
1150 1608 1431 1652 Monsoniae
1473 1607 1803 1655 Gruinalium,
1846 1606 1950 1649 Du-

578 1687 707 1728 rioni
731 1686 1127 1744 Capparidearum
1169 1685 1537 1744 comparandae,
1584 1701 1607 1726 a
1635 1684 1806 1742 quibus
1834 1698 1952 1725 vero

579 1778 778 1804 numero
806 1763 1038 1804 seminum
1079 1775 1125 1804 et
1159 1761 1513 1819 magnitudine,
1574 1759 1953 1804 conformatione

582 1839 886 1896 embryonis,
920 1853 965 1882 et
992 1838 1096 1881 aliis
1122 1838 1250 1881 notis
1277 1838 1557 1898 specialibus
1584 1838 1825 1882 differunt.

582 1996 815 2050 Ascyrum
852 1995 1106 2052 4-petalum
1143 1993 1197 2037 ab
1239 1991 1463 2037 omnibus
1500 1993 1834 2053 polyadelphis
1867 2011 1954 2037 nu-

583 2088 714 2115 mero
743 2073 1009 2132 petalorum
1039 2071 1371 2131 distinguitur,
1415 2084 1460 2114 et
1495 2071 1731 2120 fimiliter,
1791 2087 1959 2129 genere

583 2150 850 2200 Durionis‚
897 2150 1092 2208 insuper
1127 2148 1333 2207 5-petalo
1373 2161 1597 2207 excepto,
1642 2147 1763 2191 nulli
1799 2148 1963 2207 generi

585 2226 793 2286 [ppetalo
824 2244 846 2270 e
873 2227 1198 2270 Cruciatarum
1228 2225 1356 2268 classe
1379 2226 1746 2274 assimilandum,
1789 2225 1961 2284 germi-

586 2306 660 2347 nis
677 2307 785 2354 situ,
820 2305 1071 2347 staminum
1099 2301 1346 2351 affixione,
1381 2302 1650 2352 coalitione,
1676 2316 1720 2345 et
1746 2316 1959 2351 numero,

589 2383 718 2426 varie
752 2400 776 2424 a
802 2381 997 2424 familiis
1028 2380 1239 2437 ejusdem
1276 2380 1419 2424 classis
1469 2380 1737 2424 discretum.

395 2539 448 2582 M
466 2538 506 2583 Ο
523 2539 569 2583 N
586 2540 623 2580 E
641 2541 687 2582 N
701 2539 746 2581 D
762 2541 804 2581 U
819 2539 887 2580 M.
963 2535 1242 2599 Sauvagefia
1291 2550 1336 2580 et
1389 2534 1621 2598 Parnaffia
1636 2567 1647 2584 ‚
1694 2545 1964 2594 apparenter

591 2617 941 2674 heterogeneae,
993 2615 1233 2674 [Iyperico
1260 2627 1304 2657 ct
1329 2616 1512 2672 Ascyro
1541 2613 1846 2657 consociatae.
1905 2613 1968 2653 At

594 2709 720 2735 nexu
748 2693 959 2752 graduali
986 2693 1282 2751 junguntur,
1315 2705 1359 2734 et
1397 2692 1502 2734 satis
1529 2691 1786 2749 conspicuo
1814 2701 1858 2732 et
1880 2688 1965 2729 sm-

597 2769 763 2828 gulari.
823 2772 1050 2829 Squamae
1091 2769 1201 2828 pilis
1241 2769 1456 2828 capitatis
1489 2767 1772 2816 fimbriatac,
1816 2765 1966 2808 stami-

599 2846 738 2890 nibus
764 2847 1060 2906 interpositae
1085 2847 1281 2894 validis,
1329 2846 1506 2905 reliqua
1535 2845 1755 2887 affinitate
1786 2842 1967 2885 fructus

601 2937 644 2967 ct
671 2924 856 2966 seminis
886 2925 1125 2972 suadente,
1171 2925 1452 2967 non‘minus
1492 2939 1577 2983 pro
1616 2919 1849 2965 fasciculis
1892 2921 1968 2961 sm-

602 3001 787 3044 minum
825 3000 1055 3044 sterilibus
1096 3002 1327 3060 llypcxici
1365 3015 1408 3044 et
1444 3000 1614 3056 Ascyri
1639 3010 1774 3040 erunt
1799 2995 1970 3039 haben-

1875 3074 1971 3122 due,
