2039 3522
364 204 459 254 106
759 201 911 254 claff.
950 203 1046 255 III.
1086 202 1525 259 RJNGENTES.

609 343 737 388 ram.
781 341 871 389 111.
932 345 1403 390 PALMARIAE
1446 349 1530 402 (N.
1564 351 1671 406 ιω.

355 517 688 566 GENERA.
759 519 957 567 Mosa,
1001 518 1338 572 ΗειισοΝιΑ,
1395 523 1740 578 Srnzurzu,
1790 528 1919 572 Una-

553 610 672 639 NIA.

353 750 846 796 CHARACTER.
935 752 1133 797 Fructus
1199 754 1488 810 5-locularis.
1571 758 1781 802 Stamina
1845 761 1924 806 fex

548 828 682 882 (uno
725 828 963 873 interdum
1005 830 1206 886 sterili),
1263 831 1514 878 filamentis
1567 834 1798 895 elongatis
1838 853 1921 882 va-

544 904 658 948 lidis
681 937 692 954 ,
749 906 952 950 antheris
992 907 1249 953 linearibus
1289 910 1368 953 vel
1410 910 1641 971 elongatis
1667 944 1680 963 ‚
1748 914 1921 973 germi-

546 982 600 1025 ni
641 983 902 1030 infistentia.
985 985 1171 1030 Semina
1213 986 1473 1041 embryone
1514 989 1752 1049 parietali,
1817 1007 1923 1052 par·

545 1071 627 1105 v'o.
715 1060 846 1104 Folia
898 1061 1093 1106 disticho
1147 1066 1384 1114 nervosa,
1444 1066 1586 1111 initio
1648 1068 1924 1113 convoluta.

547 1137 742 1182 corolla
788 1138 1059 1198 polypetala
1088 1173 1100 1189 ,
1156 1153 1202 1191 et
1250 1141 1427 1202 semper
1479 1160 1501 1185 a
1551 1160 1750 1188 numero
1798 1147 1920 1189 fena-

544 1215 618 1260 rio
657 1215 950 1275 dependens,
992 1229 1046 1260 ut
1078 1217 1128 1259 in
1167 1219 1488 1269 Scitamineis,
1544 1222 1619 1263 sed
1661 1221 1803 1264 etiam
1842 1239 1921 1267 va-

543 1293 612 1336 rie
663 1293 935 1352 irregularis
988 1307 1033 1337 et
1080 1294 1294 1354 partibus
1350 1296 1444 1338 luis
1488 1295 1694 1346 coalita;
1755 1283 1923 1358 petalis

539 1372 672 1429 saepe
716 1382 758 1425 3.
797 1371 1113 1416 exterioribus
1154 1371 1308 1432 magis
1350 1372 1579 1417 distinctis
1606 1402 1619 1422 ,
1680 1374 1925 1420 interione

545 1446 783 1491 bilabiata.

352 1614 925 1667 DIFFERENTIA.
1001 1621 1218 1664 Numero
1263 1621 1510 1664 staminum
1560 1620 1615 1663 ab
1666 1619 1921 1665 Orchideis

545 1710 590 1740 ct
632 1696 925 1738 Scitamineis
968 1696 1195 1740 differunt
1221 1729 1233 1747 ,
1299 1714 1383 1757 pei·
1427 1696 1541 1739 folia
1583 1714 1606 1738 a
1649 1696 1921 1755 prioribus,

543 1774 702 1816 minus
742 1772 797 1814 ab
834 1772 924 1815 his.
993 1773 1269 1830 Embryone
1311 1786 1356 1816 et
1401 1772 1532 1817 foliis
1574 1772 1715 1832 longe
1756 1773 1926 1818 distant

543 1868 566 1894 a
597 1849 799 1909 superis,
832 1849 1200 1908 irregularibus,
1247 1863 1292 1894 et
1314 1849 1567 1896 hexandris
1608 1850 1784 1896 florum
1825 1851 1920 1896 foi·-

544 1927 635 1973 mis
666 1943 689 1970 e
717 1925 846 1970 claffe
873 1941 1049 1986 quarta.

348 2119 760 2167 MONENDU
781 2121 847 2163 M.
933 2123 1071 2166 Bono
1111 2121 1303 2165 consilio
1341 2121 1425 2164 effe
1461 2133 1693 2180 receptam
1735 2119 1912 2165 classem

542 2195 855 2255 Ringentium
887 2196 1040 2240 forsan
1071 2198 1209 2247 haec,
1259 2215 1402 2257 eaque
1440 2198 1798 2248 naturalisliina,
1854 2199 1917 2242 fa-

543 2274 678 2320 milia
719 2274 1066 2319 demonstrabit.
1129 2274 1207 2318 Illi
1248 2275 1423 2320 corolla
1467 2274 1722 2318 admodum
1767 2276 1911 2319 varia.

541 2357 697 2399 Partes
742 2352 818 2395 sex
856 2354 905 2394 in
953 2353 1086 2398 binas
1124 2356 1223 2416 (ξ)
1261 2354 1449 2398 coalitas
1501 2353 1700 2397 ostendit
1752 2355 1915 2403 Musa;

542 2431 595 2474 in
634 2428 830 2490 reliquis
872 2445 1096 2490 apparent
1137 2434 1223 2476 tria
1265 2432 1495 2475 exteriora
1542 2431 1782 2479 distincta,
1841 2430 1912 2473 in-

546 2507 802 2553 terioribus
845 2510 894 2552 in
928 2509 1152 2553 corollam
1185 2509 1466 2564 (nectarium
1499 2509 1694 2563 dietam)
1728 2507 1916 2568 2-phyl-

542 2586 635 2630 lam
676 2587 778 2647 (ξ)
811 2587 1020 2636 coalitis,
1066 2600 1117 2630 ut
1145 2588 1196 2630 in
1236 2588 1481 2631 Heliconia
1514 2599 1558 2630 et
1588 2587 1785 2635 Urania,
1838 2583 1914 2629 vel

544 2667 682 2709 etiam
716 2668 829 2710 totis
862 2665 1117 2716 distinctis,
1171 2666 1219 2708 in
1263 2663 1506 2708 Str-elitzia.
1582 2665 1758 2708 Tamen
1806 2662 1912 2706 cha-

545 2758 693 2787 racter
724 2743 1060 2802 Ringentium,
1121 2743 1301 2786 ordinis
1342 2741 1654 2792 Glorialium,
1708 2739 1910 2786 familiae

547 2821 824 2882 praesentis,
857 2836 1019 2865 omnes
1051 2821 1229 2881 optime
1259 2821 1437 2882 junget.

335 2999 380 3045 A
398 2998 429 3042 F
443 2996 482 3041 Γ
508 2999 592 3045 ΙΝ
607 3001 628 3041 1
641 2999 681 3043 T
696 2999 735 3043 A
749 3000 839 3043 ΤΕ
854 2998 898 3044 S.
1001 2997 1129 3042 Hine
1200 3011 1454 3043 nectuntur
1524 2997 1651 3042 foliis
1721 2994 1913 3039 disticho

547 3078 792 3127 nervosu,
850 3076 966 3122 flore
1018 3075 1304 3136 irregulari,
1366 3088 1412 3120 et
1462 3075 1749 3130 embryone.
1825 3075 1917 3117 Sci-

1787 3161 1916 3194 mm!-
