2039 3522
367 171 439 225 34
762 159 911 211 olan:
961 160 1030 213 Π.
1094 160 1521 213 CRUCIATAE.

535 313 653 356 *tem
687 316 796 345 vere
831 300 1078 362 filiquol'o,
1133 303 1282 345 immo
1319 318 1517 347 numero
1561 305 1807 348 staminum
1844 305 1915 349 ‹li-

560 379 776 428 minuto‚
809 377 993 438 aliquot
1022 377 1370 424 Rhoeadearum
1411 382 1494 433 (N.
1520 383 1615 436 57.)
1651 381 1912 440 generibus.

365 513 464 562 LO
479 513 515 559 C
532 514 575 559 U
591 515 635 555 S.
694 512 806 553 Fere
831 525 994 553 omnes
1017 510 1187 569 species
1210 509 1590 570 locupletissimae
1616 515 1815 558 familiae
1840 530 1917 557 eic-

561 602 629 634 tra
652 587 860 646 tropicos
886 600 1164 636 occurrunt,
1198 589 1274 630 etfi
1301 588 1353 630 in
1381 589 1514 632 terris
1540 590 1791 634 admodum
1810 608 1917 651 pro-

557 666 779 726 pinquis,
821 662 930 706 inde
966 679 1116 723 usque
1151 665 1208 706 ad.
1241 665 1458 723 regiones
1494 664 1709 725 glaciales
1744 669 1918 728 disper·

561 745 656 793 fae,
685 742 736 784 in
760 742 859 800 ipsa
885 756 1001 784 zona
1030 741 1206 784 torrida
1240 743 1504 786 rarissimae.

365 881 401 924 P
414 881 457 925 R
471 877 514 924 Ο
529 880 563 922 P
575 879 618 920 R
633 878 653 919 i
665 877 704 919 E
721 877 761 919 T
775 877 815 920 A
828 876 868 919 T
882 877 920 919 E
936 877 979 919 S.
1039 877 1308 920 Acescentia
1331 877 1542 920 volatilis
1558 909 1568 926 ,
1603 877 1733 921 acred
1745 894 1771 922 o
1788 911 1800 929 ,
1831 881 1918 923 fra·

558 954 764 1013 grantia‚
807 955 936 1013 saepe
969 952 1178 1002 alliacea,
1222 967 1266 997 et
1304 955 1355 996 in
1383 955 1786 1000 fermentationem
1810 973 1921 1017 pro-

510 1054 514 1062 =
559 1031 698 1076 clivis
725 1043 887 1074 natura
903 1063 914 1080 ,
945 1031 1022 1075 vel
1047 1031 1427 1091 pinguescentia,
1459 1034 1731 1084 succorum,
1773 1034 1917 1084 varia,
1939 1028 1943 1030 Y

558 1109 610 1151 in
635 1108 871 1168 speciebus
896 1122 943 1153 et
966 1108 1180 1170 partibus
1212 1109 1415 1153 diversis.

370 1674 723 1736 OrdoIII.
791 1674 1918 1736 CAPNANTHEMAE.

366 1862 777 1920 CHARACTE
790 1863 847 1906 R.
927 1862 1134 1906 Stamina
1173 1862 1466 1927 receptaculo
1503 1863 1687 1909 inserta,
1746 1861 1919 1905 Anthe-

553 1956 630 1984 rae
678 1938 981 1998 (plerisque)
1031 1939 1278 1982 lateraliter
1317 1938 1542 1983 folliculis
1585 1939 1677 1982 suis
1729 1939 1922 1980 adnatae

557 2016 807 2060 filamentis
834 2015 1097 2060 latiusculis
1121 2015 1199 2060 vel
1224 2015 1503 2065 linearibus,
1548 2029 1627 2059 aut
1650 2028 1770 2057 recta
1800 2015 1919 2057 linea

561 2092 806 2136 filamentis
844 2093 1090 2152 impositis.
1151 2094 1356 2136 Stamina
1387 2093 1625 2152 plerisque
1655 2093 1916 2140 numerosa,

559 2168 791 2213 filamenta
822 2168 1062 2213 interdum
1090 2172 1175 2213 basi
1197 2171 1332 2229 yarie
1360 2169 1541 2215 coalita.

366 2303 918 2352 DIFFERENTIA.
975 2302 1136 2348 Plures
1172 2303 1374 2347 familiae
1419 2305 1541 2347 inter
1591 2305 1633 2347 se
1683 2302 1914 2347 affiniores

557 2378 763 2422 formant
788 2380 918 2423 hunc
941 2381 1184 2430 ordinem,
1229 2397 1311 2441 per
1336 2382 1376 2424 [e
1414 2383 1518 2424 satis
1557 2381 1821 2430 distinctae,
1876 2394 1920 2424 et

560 2455 617 2501 ab
644 2455 868 2500 omnibus
894 2455 1088 2516 reliquis
1119 2457 1433 2502 abhorrentes.
1493 2458 1733 2502 Generalis
1759 2474 1917 2500 earum

560 2546 673 2577 nota
707 2545 859 2575 autem
897 2533 982 2577 vix
1019 2533 1150 2577 aliter
1187 2537 1390 2596 exprimi
1422 2537 1625 2598 poterit,
1687 2551 1829 2594 quam
1866 2546 1919 2579 ut

558 2627 656 2654 eam
685 2623 813 2653 antea
835 2612 1276 2671 pronunciavimus.

558 2766 799 2809 Recedunt
835 2767 939 2809 istae
963 2767 1185 2811 Familiae
1211 2785 1233 2810 a
1261 2768 1636 2825 Calycanthemis
1664 2768 1917 2812 insertione

559 2843 834 2892 staminum,
868 2861 892 2886 a
917 2845 1159 2906 Siliquolis
1187 2846 1342 2889 fructu
1367 2847 1506 2906 longe
1529 2847 1652 2897 alio,
1697 2858 1743 2889 et
1764 2844 1915 2887 stami-

559 2921 702 2963 nibus
728 2923 980 2965 numerosis
1000 2955 1012 2972 ‚
1040 2939 1297 2982 eorumque
1325 2925 1562 2968 structura.
1623 2922 1791 2966 Rarius
1818 2934 1914 2962 tan-

560 3009 665 3042 tum
714 3011 966 3043 occurrunt
1001 2999 1179 3044 formae
1210 3001 1418 3060 siliquis,
1471 3002 1620 3047 immo
1655 2997 1790 3042 fimssi
1830 2999 1916 3051 (lit

1775 3091 1913 3135 amm·
