2039 3522
454 280 596 332 ordo
633 277 752 329 vn.
806 272 1424 327 MULTISETARIAE.
1648 287 1719 342 69

164 414 253 458 PR
269 411 311 457 Ο
330 413 359 456 Ρ
372 410 414 453 R
430 409 450 450 1
462 409 501 450 E
518 406 558 449 T
573 405 609 448 A
624 406 663 447 T
677 405 716 447 E
731 405 775 446 S.
847 399 1147 449 Isritabilitas
1185 399 1427 442 fructuum
1466 398 1720 442 nonnullo·

321 505 336 515 -
354 501 462 529 rum
501 482 829 532 diffeminansg
883 478 1086 523 aliorum
1138 476 1261 521 succi
1315 489 1471 524 acrem
1532 473 1719 518 habitus

357 561 610 607 herbaceus
627 589 639 608 ,
671 574 774 602 raro
800 555 1121 601 fruticulosus.

277 1169 484 1232 Ordo
539 1169 670 1228 VII.
741 1163 1649 1225 MULTISETARIAE.'

168 1379 655 1424 CHARACTER.
744 1375 952 1418 Stamina
993 1373 1238 1416 numerosa
1275 1372 1306 1416 s.
1347 1371 1592 1417 indefinita
1637 1371 1727 1427 (li-

358 1456 465 1500 bera
490 1487 502 1504 ,
565 1453 641 1498 vel
706 1453 903 1507 coalita)
933 1484 945 1501 ‚
1014 1449 1306 1509 receptaculo
1358 1450 1600 1494 infidentia
1630 1466 1642 1499 ;
1700 1466 1725 1492 a

361 1530 536 1575 corolla
607 1530 831 1573 distincta.
929 1530 1129 1571 Germen
1196 1526 1388 1586 fimplex
1416 1560 1428 1576 ,
1505 1529 1727 1586 superum

287 1652 290 1655 ,
361 1607 510 1664 (stylo
554 1606 746 1650 centrali
794 1605 995 1666 sunplici
1029 1604 1106 1649 vel
1135 1603 1447 1664 multiplici).
1508 1604 1725 1662 Embryo

363 1700 460 1729 non
490 1685 835 1747 periphericus.
1163 1675 1167 1677 ⁸

168 1860 735 1904 DIFFERENTIA.
810 1858 1046 1901 Generalis
1081 1859 1275 1901 resultat
1314 1874 1337 1901 e
1374 1857 1528 1902 dictis.
1593 1857 1726 1903 Ordo

361 1938 593 1995 separatur
628 1935 767 1977 fimili
792 1935 938 1979 modo
965 1947 1017 1977 ut
1038 1935 1339 1993 praecedens,
1384 1934 1445 1977 ob
1476 1933 1727 1994 staminum

351 2009 494 2071 situm
518 2028 541 2053 a
565 2011 900 2066 calycantheris
928 2012 1186 2068 Frugariis,
1221 2010 1531 2069 Saxifrageis;
1562 2029 1725 2056 mona·

362 2087 545 2147 delphis
585 2087 699 2131 tubo
732 2088 981 2132 staminum
1015 2086 1289 2130 corollifero
1309 2119 1322 2136 ,
1378 2089 1408 2130 s.
1440 2090 1732 2139 Malvaceis‚·

364 2182 388 2209 a
432 2163 769 2222 Columniferis,
814 2177 858 2208 et
899 2164 1281 2213 Umbraculariis,·
1309 2167 1506 2223 germine
1526 2163 1730 2225 simplici

362 2260 385 2285 a
421 2241 947 2291 multifollicnlaribus,
1001 2240 1400 2302 Multisiliquosis,
1457 2242 1728 2302 Senticosis,

362 2322 584 2377 Spiraeis,
640 2320 942 2368 succulentis,
1000 2332 1044 2362 et
1083 2318 1326 2363 nonnullis
1373 2319 1720 2364 Terebinchina·

362 2400 474 2446 ceis‚·
507 2394 777 2456 staminibus
805 2395 1047 2456 numerosis
1083 2414 1107 2440 a
1136 2397 1360 2457 reliquis,
1403 2413 1604 2456 quarum
1643 2398 1725 2440 sta-

361 2475 490 2518 mina
534 2474 812 2534 plerumque
853 2473 1068 2524 definita,
1128 2474 1451 2524 Gruinalibus‚
1520 2472 1733 2535 Fefiivis,

367 2550 627 2611 Sensitivis,
680 2553 876 2600 Ciliacis.
922 2553 1193 2601 Adonariis,
1239 2564 1283 2595 et
1311 2550 1588 2611 Refinar⁴iis;
1640 2568 1726 2594 em-

363 2629 538 2687 bryone
572 2645 660 2672 non
694 2630 979 2687 peripherico
1021 2647 1044 2672 a
1074 2628 1294 2679 familiis,
1348 2629 1434 2672 illo
1466 2630 1728 2678 instructis.

362 2707 447 2749 fint
482 2706 765 2766 polyandrae
801 2706 877 2752 vel
901 2723 1023 2758 non,
1082 2706 1460 2767 Cary-ophylleis,
1515 2707 1725 2751 Porcula-

366 2785 476 2832 σεῖε,
507 2784 782 2828 fimbriatis.

368 2935 595 2995 Speciales
627 2939 926 2999 exceptiones
958 2952 1003 2983 et
1030 2938 1306 2988 relationes,
1350 2941 1408 2982 'fic
1437 2952 1491 2983 ut
1518 2940 1568 2982 in
1601 2940 1727 2998 prio·

365 3013 407 3053 τί
435 3026 478 3054 et
501 3014 711 3072 sequente
738 3016 933 3067 Ordine,
965 3034 1021 3060 ex
1049 3018 1254 3076 ipsarum
1284 3017 1568 3060 familiarum
1600 3032 1727 3060 com·

366 3089 607 3148 paratione
638 3091 806 3136 clarius
852 3094 1133 3145 elucescent,
1190 3095 1276 3139 ubi
1315 3107 1359 3138 et
1394 3096 1524 3136 'casus
1568 3108 1729 3135 ornnes

1553 3167 1722 3213 florum
