<?xml version="1.0" encoding="UTF-8"?>
<!DOCTYPE html PUBLIC "-//W3C//DTD XHTML 1.0 Transitional//EN"
    "http://www.w3.org/TR/xhtml1/DTD/xhtml1-transitional.dtd">
<html xmlns="http://www.w3.org/1999/xhtml" xml:lang="en" lang="en">
 <head>
  <title>
</title>
<meta http-equiv="Content-Type" content="text/html;charset=utf-8" />
  <meta name='ocr-system' content='tesseract 3.04.00' />
  <meta name='ocr-capabilities' content='ocr_page ocr_carea ocr_par ocr_line ocrx_word'/>
</head>
<body>
  <div class='ocr_page' id='page_1' title='image "./tabulaaffinitatu00bats_0045.png"; bbox 0 0 2039 3522; ppageno 0'>
   <div class='ocr_carea' id='block_1_1' title="bbox 429 301 1319 356">
    <p class='ocr_par' dir='ltr' id='par_1_1' title="bbox 429 301 1319 356">
     <span class='ocr_line' id='line_1_1' title="bbox 429 301 1319 356; baseline -0.009 0"><span class='ocrx_word' id='word_1_1' title='bbox 429 304 568 356; x_wconf 88' lang='lat' dir='ltr'><strong>Ordo</strong></span> <span class='ocrx_word' id='word_1_2' title='bbox 606 304 700 353; x_wconf 87' lang='grc' dir='ltr'><strong>ΙΙΙ.</strong></span> <span class='ocrx_word' id='word_1_3' title='bbox 751 301 1319 352; x_wconf 73' lang='lat' dir='ltr'><strong>DIFFORMARIAE.</strong></span> 
     </span>
    </p>
   </div>
   <div class='ocr_carea' id='block_1_2' title="bbox 108 306 1641 490">
    <p class='ocr_par' dir='ltr' id='par_1_2' title="bbox 108 306 1641 490">
     <span class='ocr_line' id='line_1_2' title="bbox 1571 306 1641 363; baseline 0 -51"><span class='ocrx_word' id='word_1_4' title='bbox 1571 306 1641 363; x_wconf 61' lang='lat'><strong>,25</strong></span> 
     </span>
     <span class='ocr_line' id='line_1_3' title="bbox 108 428 1635 490; baseline -0.005 -9"><span class='ocrx_word' id='word_1_5' title='bbox 108 434 374 481; x_wconf 74' lang='lat' dir='ltr'>DOCUS.</span> <span class='ocrx_word' id='word_1_6' title='bbox 432 432 590 475; x_wconf 79' lang='lat' dir='ltr'><strong>Plures</strong></span> <span class='ocrx_word' id='word_1_7' title='bbox 639 430 806 490; x_wconf 81' lang='lat' dir='ltr'><strong>speeies</strong></span> <span class='ocrx_word' id='word_1_8' title='bbox 845 428 1104 472; x_wconf 77' lang='lat' dir='ltr'><strong>inhabitant</strong></span> <span class='ocrx_word' id='word_1_9' title='bbox 1141 442 1303 469; x_wconf 79' lang='lat' dir='ltr'><strong>zonam</strong></span> <span class='ocrx_word' id='word_1_10' title='bbox 1352 432 1635 486; x_wconf 77' lang='lat' dir='ltr'><strong>temperatio·</strong></span> 
     </span>
    </p>
   </div>
   <div class='ocr_carea' id='block_1_3' title="bbox 299 504 1634 630">
    <p class='ocr_par' dir='ltr' id='par_1_3' title="bbox 299 504 1634 630">
     <span class='ocr_line' id='line_1_4' title="bbox 299 504 1634 567; baseline -0.004 -13"><span class='ocrx_word' id='word_1_11' title='bbox 299 526 398 554; x_wconf 89' lang='lat' dir='ltr'><strong>rem</strong></span> <span class='ocrx_word' id='word_1_12' title='bbox 414 509 538 552; x_wconf 85' lang='lat' dir='ltr'><strong>orbis</strong></span> <span class='ocrx_word' id='word_1_13' title='bbox 555 509 760 567; x_wconf 78' lang='lat' dir='ltr'><strong>antiqui,</strong></span> <span class='ocrx_word' id='word_1_14' title='bbox 791 505 973 566; x_wconf 83' lang='lat' dir='ltr'>aliquot</span> <span class='ocrx_word' id='word_1_15' title='bbox 999 504 1178 548; x_wconf 84' lang='lat' dir='ltr'>Indiam</span> <span class='ocrx_word' id='word_1_16' title='bbox 1207 516 1463 560; x_wconf 79' lang='lat' dir='ltr'><strong>utramque,</strong></span> <span class='ocrx_word' id='word_1_17' title='bbox 1496 506 1634 561; x_wconf 83' lang='lat' dir='ltr'><strong>pluri-</strong></span> 
     </span>
     <span class='ocr_line' id='line_1_5' title="bbox 302 579 1479 630; baseline -0.004 0"><span class='ocrx_word' id='word_1_18' title='bbox 302 603 403 630; x_wconf 82' lang='lat' dir='ltr'><strong>mae</strong></span> <span class='ocrx_word' id='word_1_19' title='bbox 431 600 582 629; x_wconf 76' lang='lat' dir='ltr'><strong>autem</strong></span> <span class='ocrx_word' id='word_1_20' title='bbox 609 585 789 630; x_wconf 77' lang='lat' dir='ltr'><strong>Africae</strong></span> <span class='ocrx_word' id='word_1_21' title='bbox 817 583 1072 628; x_wconf 84' lang='lat' dir='ltr'><strong>terminum</strong></span> <span class='ocrx_word' id='word_1_22' title='bbox 1111 579 1479 625; x_wconf 81' lang='lat' dir='ltr'>meridionalem.</span> 
     </span>
    </p>
   </div>
   <div class='ocr_carea' id='block_1_4' title="bbox 110 734 1644 795">
    <p class='ocr_par' dir='ltr' id='par_1_4' title="bbox 110 734 1644 795">
     <span class='ocr_line' id='line_1_6' title="bbox 110 734 1644 795; baseline -0.009 -6"><span class='ocrx_word' id='word_1_23' title='bbox 110 742 715 789; x_wconf 80' lang='lat' dir='ltr'>PROPRIETATES.</span> <span class='ocrx_word' id='word_1_24' title='bbox 777 738 913 781; x_wconf 82' lang='lat' dir='ltr'><strong>succi</strong></span> <span class='ocrx_word' id='word_1_25' title='bbox 939 736 1084 785; x_wconf 83' lang='lat' dir='ltr'><strong>aeidi;</strong></span> <span class='ocrx_word' id='word_1_26' title='bbox 1119 734 1464 795; x_wconf 78' lang='lat' dir='ltr'><strong>depauperatio,</strong></span> <span class='ocrx_word' id='word_1_27' title='bbox 1496 734 1644 776; x_wconf 86' lang='lat' dir='ltr'><strong>immo</strong></span> 
     </span>
    </p>
   </div>
   <div class='ocr_carea' id='block_1_5' title="bbox 304 810 1645 946">
    <p class='ocr_par' dir='ltr' id='par_1_5' title="bbox 304 810 1645 946">
     <span class='ocr_line' id='line_1_7' title="bbox 304 810 1645 867; baseline -0.007 -4"><span class='ocrx_word' id='word_1_28' title='bbox 304 820 517 867; x_wconf 76' lang='lat' dir='ltr'><strong>abortus,</strong></span> <span class='ocrx_word' id='word_1_29' title='bbox 554 817 776 859; x_wconf 72' lang='lat' dir='ltr'><strong>alternans</strong></span> <span class='ocrx_word' id='word_1_30' title='bbox 803 813 1176 862; x_wconf 74' lang='lat' dir='ltr'><strong>filanientorun13</strong></span> <span class='ocrx_word' id='word_1_31' title='bbox 1208 811 1440 856; x_wconf 74' lang='lat' dir='ltr'><strong>clasticita·</strong></span> <span class='ocrx_word' id='word_1_32' title='bbox 1465 810 1515 853; x_wconf 89' lang='lat' dir='ltr'><strong>in</strong></span> <span class='ocrx_word' id='word_1_33' title='bbox 1550 811 1645 854; x_wconf 75' lang='lat' dir='ltr'><strong>{ru-</strong></span> 
     </span>
     <span class='ocr_line' id='line_1_8' title="bbox 309 890 1001 946; baseline -0.007 -7"><span class='ocrx_word' id='word_1_34' title='bbox 309 910 412 946; x_wconf 77' lang='lat' dir='ltr'><strong>ctu3</strong></span> <span class='ocrx_word' id='word_1_35' title='bbox 443 893 730 938; x_wconf 72' lang='lat' dir='ltr'><strong>irritabilitas</strong></span> <span class='ocrx_word' id='word_1_36' title='bbox 760 890 1001 934; x_wconf 61' lang='lat' dir='ltr'><strong>folionum</strong></span> 
     </span>
    </p>
   </div>
   <div class='ocr_carea' id='block_1_6' title="bbox 200 1316 1563 1414">
    <p class='ocr_par' dir='ltr' id='par_1_6' title="bbox 200 1316 1563 1414">
     <span class='ocr_line' id='line_1_9' title="bbox 200 1316 1563 1414; baseline -0.003 0"><span class='ocrx_word' id='word_1_37' title='bbox 200 1354 403 1414; x_wconf 76' lang='lat' dir='ltr'><strong>ordo</strong></span> <span class='ocrx_word' id='word_1_38' title='bbox 459 1358 566 1414; x_wconf 86' lang='lat'>111.</span> <span class='ocrx_word' id='word_1_39' title='bbox 637 1316 1563 1414; x_wconf 77' lang='lat' dir='ltr'><strong>DIFFORMARIAE.</strong></span> 
     </span>
    </p>
   </div>
   <div class='ocr_carea' id='block_1_7' title="bbox 112 1539 1652 1900">
    <p class='ocr_par' dir='ltr' id='par_1_7' title="bbox 112 1539 1652 1900">
     <span class='ocr_line' id='line_1_10' title="bbox 112 1539 1645 1598; baseline -0.001 -13"><span class='ocrx_word' id='word_1_40' title='bbox 112 1541 590 1587; x_wconf 77' lang='lat' dir='ltr'><strong>CHARACTER,</strong></span> <span class='ocrx_word' id='word_1_41' title='bbox 662 1540 969 1589; x_wconf 77' lang='lat' dir='ltr'><strong>Universalis,</strong></span> <span class='ocrx_word' id='word_1_42' title='bbox 1034 1539 1388 1598; x_wconf 82' lang='lat' dir='ltr'><strong>exceptionibus</strong></span> <span class='ocrx_word' id='word_1_43' title='bbox 1428 1540 1645 1584; x_wconf 85' lang='lat' dir='ltr'><strong>omnibus</strong></span> 
     </span>
     <span class='ocr_line' id='line_1_11' title="bbox 303 1615 1644 1678; baseline -0.001 -18"><span class='ocrx_word' id='word_1_44' title='bbox 303 1622 561 1678; x_wconf 69' lang='lat' dir='ltr'><strong>perpensis,</strong></span> <span class='ocrx_word' id='word_1_45' title='bbox 592 1633 687 1661; x_wconf 87' lang='lat' dir='ltr'><strong>non</strong></span> <span class='ocrx_word' id='word_1_46' title='bbox 713 1619 800 1659; x_wconf 84' lang='lat' dir='ltr'><strong>erit</strong></span> <span class='ocrx_word' id='word_1_47' title='bbox 829 1617 1128 1660; x_wconf 82' lang='lat' dir='ltr'><strong>definiendus.</strong></span> <span class='ocrx_word' id='word_1_48' title='bbox 1186 1619 1247 1659; x_wconf 88' lang='lat' dir='ltr'><strong>At</strong></span> <span class='ocrx_word' id='word_1_49' title='bbox 1279 1615 1438 1658; x_wconf 82' lang='lat' dir='ltr'><strong>habitu</strong></span> <span class='ocrx_word' id='word_1_50' title='bbox 1463 1633 1644 1675; x_wconf 79' lang='lat' dir='ltr'><strong>genera-</strong></span> 
     </span>
     <span class='ocr_line' id='line_1_12' title="bbox 303 1693 1643 1753; baseline -0.001 -15"><span class='ocrx_word' id='word_1_51' title='bbox 303 1696 440 1745; x_wconf 77' lang='lat' dir='ltr'><strong>liori,</strong></span> <span class='ocrx_word' id='word_1_52' title='bbox 472 1696 543 1739; x_wconf 69' lang='lat' dir='ltr'><strong>vel</strong></span> <span class='ocrx_word' id='word_1_53' title='bbox 575 1696 733 1753; x_wconf 80' lang='lat' dir='ltr'><strong>potius</strong></span> <span class='ocrx_word' id='word_1_54' title='bbox 764 1694 856 1736; x_wconf 89' lang='lat' dir='ltr'><strong>leni</strong></span> <span class='ocrx_word' id='word_1_55' title='bbox 884 1694 1263 1748; x_wconf 70' lang='lat' dir='ltr'><strong>tranlituiunctae</strong></span> <span class='ocrx_word' id='word_1_56' title='bbox 1279 1693 1515 1751; x_wconf 81' lang='lat' dir='ltr'><strong>(quamvis</strong></span> <span class='ocrx_word' id='word_1_57' title='bbox 1530 1711 1643 1737; x_wconf 90' lang='lat' dir='ltr'><strong>non-</strong></span> 
     </span>
     <span class='ocr_line' id='line_1_13' title="bbox 302 1769 1652 1825; baseline 0 -11"><span class='ocrx_word' id='word_1_58' title='bbox 302 1774 469 1814; x_wconf 76' lang='lat' dir='ltr'><strong>nu&#39;ae‘</strong></span> <span class='ocrx_word' id='word_1_59' title='bbox 493 1772 612 1813; x_wconf 82' lang='lat' dir='ltr'><strong>inter</strong></span> <span class='ocrx_word' id='word_1_60' title='bbox 638 1774 677 1814; x_wconf 89' lang='lat' dir='ltr'><strong>se</strong></span> <span class='ocrx_word' id='word_1_61' title='bbox 705 1772 903 1813; x_wconf 78' lang='lat' dir='ltr'><strong>maxime</strong></span> <span class='ocrx_word' id='word_1_62' title='bbox 940 1771 1200 1825; x_wconf 78' lang='lat' dir='ltr'><strong>difformes)</strong></span> <span class='ocrx_word' id='word_1_63' title='bbox 1242 1769 1465 1819; x_wconf 78' lang='lat' dir='ltr'><strong>familiae,</strong></span> <span class='ocrx_word' id='word_1_64' title='bbox 1518 1785 1559 1814; x_wconf 87' lang='lat' dir='ltr'><strong>et</strong></span> <span class='ocrx_word' id='word_1_65' title='bbox 1587 1773 1652 1817; x_wconf 72' lang='lat' dir='ltr'><strong>seiv</strong></span> 
     </span>
     <span class='ocr_line' id='line_1_14' title="bbox 304 1847 1644 1900; baseline 0 -10"><span class='ocrx_word' id='word_1_66' title='bbox 304 1850 467 1896; x_wconf 64' lang='lat' dir='ltr'><strong>rimae,</strong></span> <span class='ocrx_word' id='word_1_67' title='bbox 501 1847 692 1890; x_wconf 80' lang='lat' dir='ltr'><strong>alienam</strong></span> <span class='ocrx_word' id='word_1_68' title='bbox 719 1860 842 1888; x_wconf 80' lang='lat' dir='ltr'><strong>extra</strong></span> <span class='ocrx_word' id='word_1_69' title='bbox 869 1847 991 1889; x_wconf 87' lang='lat' dir='ltr'><strong>hunc</strong></span> <span class='ocrx_word' id='word_1_70' title='bbox 1018 1847 1227 1890; x_wconf 76' lang='lat' dir='ltr'><strong>ordinem</strong></span> <span class='ocrx_word' id='word_1_71' title='bbox 1263 1848 1644 1900; x_wconf 69' lang='lat' dir='ltr'><strong>conjunctionem</strong></span> 
     </span>
    </p>
   </div>
   <div class='ocr_carea' id='block_1_8' title="bbox 299 1922 1646 2047">
    <p class='ocr_par' dir='ltr' id='par_1_8' title="bbox 299 1922 1646 2047">
     <span class='ocr_line' id='line_1_15' title="bbox 303 1922 1646 1982; baseline 0.001 -14"><span class='ocrx_word' id='word_1_72' title='bbox 303 1925 601 1982; x_wconf 74' lang='lat' dir='ltr'><strong>denegantes,</strong></span> <span class='ocrx_word' id='word_1_73' title='bbox 634 1923 829 1966; x_wconf 86' lang='lat' dir='ltr'><strong>eundem</strong></span> <span class='ocrx_word' id='word_1_74' title='bbox 855 1939 1019 1966; x_wconf 86' lang='lat' dir='ltr'><strong>verum</strong></span> <span class='ocrx_word' id='word_1_75' title='bbox 1049 1922 1129 1965; x_wconf 84' lang='lat' dir='ltr'><strong>effe</strong></span> <span class='ocrx_word' id='word_1_76' title='bbox 1159 1922 1394 1972; x_wconf 84' lang='lat' dir='ltr'><strong>testantur,</strong></span> <span class='ocrx_word' id='word_1_77' title='bbox 1439 1936 1481 1967; x_wconf 88' lang='lat' dir='ltr'><strong>et</strong></span> <span class='ocrx_word' id='word_1_78' title='bbox 1516 1938 1646 1968; x_wconf 82' lang='lat' dir='ltr'><strong>natu-</strong></span> 
     </span>
     <span class='ocr_line' id='line_1_16' title="bbox 299 2001 456 2047; baseline -0.013 -3"><span class='ocrx_word' id='word_1_79' title='bbox 299 2001 456 2047; x_wconf 85' lang='lat' dir='ltr'><strong>ralem.</strong></span> 
     </span>
    </p>
   </div>
   <div class='ocr_carea' id='block_1_9' title="bbox 301 2111 1651 2713">
    <p class='ocr_par' dir='ltr' id='par_1_9' title="bbox 301 2111 1651 2713">
     <span class='ocr_line' id='line_1_17' title="bbox 301 2111 1641 2173; baseline 0.001 -16"><span class='ocrx_word' id='word_1_80' title='bbox 301 2114 479 2157; x_wconf 85' lang='lat' dir='ltr'><strong>Tamen</strong></span> <span class='ocrx_word' id='word_1_81' title='bbox 514 2112 653 2156; x_wconf 67' lang='lat' dir='ltr'><strong>missis</strong></span> <span class='ocrx_word' id='word_1_82' title='bbox 680 2111 860 2170; x_wconf 84' lang='lat' dir='ltr'><strong>aliquot</strong></span> <span class='ocrx_word' id='word_1_83' title='bbox 883 2111 1236 2171; x_wconf 80' lang='lat' dir='ltr'><strong>exceptionibus</strong></span> <span class='ocrx_word' id='word_1_84' title='bbox 1253 2143 1263 2160; x_wconf 91' lang='lat'>,</span> <span class='ocrx_word' id='word_1_85' title='bbox 1295 2114 1536 2173; x_wconf 70' lang='lat' dir='ltr'><strong>pleraeque</strong></span> <span class='ocrx_word' id='word_1_86' title='bbox 1562 2117 1641 2157; x_wconf 71' lang='lat' dir='ltr'><strong>Pa-</strong></span> 
     </span>
     <span class='ocr_line' id='line_1_18' title="bbox 303 2188 1648 2247; baseline 0 -14"><span class='ocrx_word' id='word_1_87' title='bbox 303 2191 459 2234; x_wconf 81' lang='lat' dir='ltr'><strong>miliae</strong></span> <span class='ocrx_word' id='word_1_88' title='bbox 481 2190 621 2245; x_wconf 70' lang='lat' dir='ltr'><strong>hujus</strong></span> <span class='ocrx_word' id='word_1_89' title='bbox 650 2188 842 2233; x_wconf 78' lang='lat' dir='ltr'><strong>Ordinis</strong></span> <span class='ocrx_word' id='word_1_90' title='bbox 879 2188 1165 2231; x_wconf 85' lang='lat' dir='ltr'><strong>instruuntur</strong></span> <span class='ocrx_word' id='word_1_91' title='bbox 1190 2188 1434 2247; x_wconf 77' lang='lat' dir='ltr'><strong>seminibus</strong></span> <span class='ocrx_word' id='word_1_92' title='bbox 1458 2193 1648 2234; x_wconf 68' lang='lat' dir='ltr'><strong>albumi-</strong></span> 
     </span>
     <span class='ocr_line' id='line_1_19' title="bbox 304 2265 1646 2326; baseline -0.001 -15"><span class='ocrx_word' id='word_1_93' title='bbox 304 2266 447 2326; x_wconf 81' lang='lat' dir='ltr'><strong>nosis,</strong></span> <span class='ocrx_word' id='word_1_94' title='bbox 490 2268 732 2326; x_wconf 84' lang='lat' dir='ltr'><strong>embryone</strong></span> <span class='ocrx_word' id='word_1_95' title='bbox 753 2282 849 2309; x_wconf 87' lang='lat' dir='ltr'><strong>non</strong></span> <span class='ocrx_word' id='word_1_96' title='bbox 874 2265 1091 2308; x_wconf 80' lang='lat' dir='ltr'><strong>immerso</strong></span> <span class='ocrx_word' id='word_1_97' title='bbox 1109 2297 1121 2315; x_wconf 91' lang='lat'><strong>,</strong></span> <span class='ocrx_word' id='word_1_98' title='bbox 1164 2266 1231 2308; x_wconf 83' lang='lat' dir='ltr'><strong>sed</strong></span> <span class='ocrx_word' id='word_1_99' title='bbox 1273 2268 1355 2320; x_wconf 88' lang='lat' dir='ltr'><strong>(ut</strong></span> <span class='ocrx_word' id='word_1_100' title='bbox 1379 2268 1425 2309; x_wconf 86' lang='lat' dir='ltr'><strong>in</strong></span> <span class='ocrx_word' id='word_1_101' title='bbox 1455 2269 1646 2310; x_wconf 73' lang='lat' dir='ltr'><strong>familia</strong></span> 
     </span>
     <span class='ocr_line' id='line_1_20' title="bbox 306 2341 1643 2399; baseline 0.001 -11"><span class='ocrx_word' id='word_1_102' title='bbox 306 2345 604 2388; x_wconf 80' lang='lat' dir='ltr'><strong>remotisfirna</strong></span> <span class='ocrx_word' id='word_1_103' title='bbox 618 2344 896 2388; x_wconf 84' lang='lat' dir='ltr'><strong>Luridarum</strong></span> <span class='ocrx_word' id='word_1_104' title='bbox 916 2344 978 2387; x_wconf 88' lang='lat' dir='ltr'><strong>N.</strong></span> <span class='ocrx_word' id='word_1_105' title='bbox 996 2354 1064 2396; x_wconf 87' lang='lat'><strong>75.</strong></span> <span class='ocrx_word' id='word_1_106' title='bbox 1083 2355 1126 2385; x_wconf 88' lang='lat' dir='ltr'><strong>et</strong></span> <span class='ocrx_word' id='word_1_107' title='bbox 1149 2341 1466 2386; x_wconf 81' lang='lat' dir='ltr'><strong>Oleracearurn</strong></span> <span class='ocrx_word' id='word_1_108' title='bbox 1495 2347 1552 2389; x_wconf 91' lang='lat' dir='ltr'><strong>N.</strong></span> <span class='ocrx_word' id='word_1_109' title='bbox 1572 2354 1643 2399; x_wconf 76' lang='lat'><strong>87.</strong></span> 
     </span>
     <span class='ocr_line' id='line_1_21' title="bbox 308 2419 1651 2483; baseline -0.001 -18"><span class='ocrx_word' id='word_1_110' title='bbox 308 2423 460 2466; x_wconf 85' lang='lat' dir='ltr'><strong>immo</strong></span> <span class='ocrx_word' id='word_1_111' title='bbox 475 2421 787 2483; x_wconf 75' lang='lat' dir='ltr'><strong>adjacentibus</strong></span> <span class='ocrx_word' id='word_1_112' title='bbox 803 2421 1026 2475; x_wconf 79' lang='lat' dir='ltr'><strong>N.86.85.</strong></span> <span class='ocrx_word' id='word_1_113' title='bbox 1044 2423 1135 2479; x_wconf 77' lang='lat'><strong>97.)</strong></span> <span class='ocrx_word' id='word_1_114' title='bbox 1154 2421 1360 2463; x_wconf 76' lang='lat' dir='ltr'><strong>albumen</strong></span> <span class='ocrx_word' id='word_1_115' title='bbox 1376 2419 1513 2479; x_wconf 83' lang='lat' dir='ltr'><strong>ipsum</strong></span> <span class='ocrx_word' id='word_1_116' title='bbox 1536 2423 1651 2474; x_wconf 82' lang='lat' dir='ltr'><strong>peri-</strong></span> 
     </span>
     <span class='ocr_line' id='line_1_22' title="bbox 307 2497 1649 2558; baseline -0.001 -17"><span class='ocrx_word' id='word_1_117' title='bbox 307 2501 480 2554; x_wconf 78' lang='lat' dir='ltr'><strong>pherice</strong></span> <span class='ocrx_word' id='word_1_118' title='bbox 495 2502 709 2558; x_wconf 78' lang='lat' dir='ltr'><strong>cingente.</strong></span> <span class='ocrx_word' id='word_1_119' title='bbox 768 2500 867 2541; x_wconf 86' lang='lat' dir='ltr'><strong>Hac</strong></span> <span class='ocrx_word' id='word_1_120' title='bbox 890 2510 999 2542; x_wconf 86' lang='lat' dir='ltr'><strong>nota</strong></span> <span class='ocrx_word' id='word_1_121' title='bbox 1017 2497 1262 2554; x_wconf 76' lang='lat' dir='ltr'><strong>singulares</strong></span> <span class='ocrx_word' id='word_1_122' title='bbox 1290 2511 1443 2540; x_wconf 78' lang='lat' dir='ltr'><strong>extant</strong></span> <span class='ocrx_word' id='word_1_123' title='bbox 1469 2497 1649 2556; x_wconf 76' lang='lat' dir='ltr'><strong>plautae</strong></span> 
     </span>
     <span class='ocr_line' id='line_1_23' title="bbox 305 2575 1648 2636; baseline -0.001 -18"><span class='ocrx_word' id='word_1_124' title='bbox 305 2577 550 2636; x_wconf 81' lang='lat' dir='ltr'><strong>pleraeque</strong></span> <span class='ocrx_word' id='word_1_125' title='bbox 579 2575 759 2620; x_wconf 78' lang='lat' dir='ltr'><strong>ordinis</strong></span> <span class='ocrx_word' id='word_1_126' title='bbox 784 2577 905 2618; x_wconf 83' lang='lat' dir='ltr'><strong>inter</strong></span> <span class='ocrx_word' id='word_1_127' title='bbox 937 2576 1154 2618; x_wconf 73' lang='lat' dir='ltr'><strong>Rosaeeas</strong></span> <span class='ocrx_word' id='word_1_128' title='bbox 1184 2575 1409 2632; x_wconf 85' lang='lat' dir='ltr'><strong>reliquas,</strong></span> <span class='ocrx_word' id='word_1_129' title='bbox 1451 2591 1532 2635; x_wconf 85' lang='lat' dir='ltr'><strong>per</strong></span> <span class='ocrx_word' id='word_1_130' title='bbox 1558 2576 1598 2617; x_wconf 85' lang='lat' dir='ltr'><strong>se</strong></span> <span class='ocrx_word' id='word_1_131' title='bbox 1624 2591 1648 2616; x_wconf 80' lang='lat' dir='ltr'><strong>a</strong></span> 
     </span>
     <span class='ocr_line' id='line_1_24' title="bbox 305 2651 1355 2713; baseline -0.003 -16"><span class='ocrx_word' id='word_1_132' title='bbox 305 2654 619 2713; x_wconf 81' lang='lat' dir='ltr'><strong>monopetalis</strong></span> <span class='ocrx_word' id='word_1_133' title='bbox 656 2666 700 2696; x_wconf 91' lang='lat' dir='ltr'><strong>et</strong></span> <span class='ocrx_word' id='word_1_134' title='bbox 731 2653 786 2697; x_wconf 88' lang='lat' dir='ltr'><strong>ab</strong></span> <span class='ocrx_word' id='word_1_135' title='bbox 812 2651 1114 2712; x_wconf 76' lang='lat' dir='ltr'><strong>Incompletis</strong></span> <span class='ocrx_word' id='word_1_136' title='bbox 1142 2651 1355 2694; x_wconf 78' lang='lat' dir='ltr'><strong>diversas.</strong></span> 
     </span>
    </p>
   </div>
   <div class='ocr_carea' id='block_1_10' title="bbox 118 2805 1648 3096">
    <p class='ocr_par' dir='ltr' id='par_1_10' title="bbox 118 2805 1648 3096">
     <span class='ocr_line' id='line_1_25' title="bbox 118 2805 1645 2865; baseline -0.003 -13"><span class='ocrx_word' id='word_1_137' title='bbox 118 2807 530 2854; x_wconf 83' lang='lat' dir='ltr'><strong>MONENDA.</strong></span> <span class='ocrx_word' id='word_1_138' title='bbox 591 2808 734 2855; x_wconf 84' lang='lat' dir='ltr'><strong>Vario</strong></span> <span class='ocrx_word' id='word_1_139' title='bbox 749 2808 896 2852; x_wconf 89' lang='lat' dir='ltr'><strong>modo</strong></span> <span class='ocrx_word' id='word_1_140' title='bbox 926 2807 1048 2849; x_wconf 88' lang='lat' dir='ltr'><strong>inter</strong></span> <span class='ocrx_word' id='word_1_141' title='bbox 1071 2805 1111 2848; x_wconf 83' lang='lat' dir='ltr'><strong>se</strong></span> <span class='ocrx_word' id='word_1_142' title='bbox 1139 2805 1645 2865; x_wconf 64' lang='lat' dir='ltr'><strong>dissimillimaespecies</strong></span> 
     </span>
     <span class='ocr_line' id='line_1_26' title="bbox 310 2881 1643 2935; baseline -0.005 -7"><span class='ocrx_word' id='word_1_143' title='bbox 310 2884 528 2935; x_wconf 83' lang='lat' dir='ltr'><strong>Ordinis,</strong></span> <span class='ocrx_word' id='word_1_144' title='bbox 592 2900 636 2930; x_wconf 92' lang='lat' dir='ltr'><strong>et</strong></span> <span class='ocrx_word' id='word_1_145' title='bbox 682 2887 832 2930; x_wconf 77' lang='lat' dir='ltr'><strong>varias</strong></span> <span class='ocrx_word' id='word_1_146' title='bbox 877 2883 1069 2928; x_wconf 78' lang='lat' dir='ltr'><strong>aliarum</strong></span> <span class='ocrx_word' id='word_1_147' title='bbox 1108 2881 1331 2930; x_wconf 77' lang='lat' dir='ltr'><strong>classium,</strong></span> <span class='ocrx_word' id='word_1_148' title='bbox 1400 2883 1643 2929; x_wconf 81' lang='lat' dir='ltr'><strong>ordinum,</strong></span> 
     </span>
     <span class='ocr_line' id='line_1_27' title="bbox 308 2958 1648 3015; baseline -0.007 -10"><span class='ocrx_word' id='word_1_149' title='bbox 308 2962 587 3005; x_wconf 78' lang='lat' dir='ltr'><strong>familiarum</strong></span> <span class='ocrx_word' id='word_1_150' title='bbox 621 2959 1207 3008; x_wconf 75' lang='lat' dir='ltr'><strong>similitudines—offerunt,</strong></span> <span class='ocrx_word' id='word_1_151' title='bbox 1251 2958 1379 3001; x_wconf 78' lang='lat' dir='ltr'><strong>facile</strong></span> <span class='ocrx_word' id='word_1_152' title='bbox 1415 2959 1648 3015; x_wconf 81' lang='lat' dir='ltr'><strong>decipien-</strong></span> 
     </span>
     <span class='ocr_line' id='line_1_28' title="bbox 308 3032 1646 3096; baseline -0.007 -14"><span class='ocrx_word' id='word_1_153' title='bbox 308 3053 389 3082; x_wconf 85' lang='lat' dir='ltr'><strong>tes.</strong></span> <span class='ocrx_word' id='word_1_154' title='bbox 451 3037 611 3081; x_wconf 84' lang='lat' dir='ltr'><strong>Solum</strong></span> <span class='ocrx_word' id='word_1_155' title='bbox 648 3039 969 3082; x_wconf 85' lang='lat' dir='ltr'><strong>fimilitudines</strong></span> <span class='ocrx_word' id='word_1_156' title='bbox 1007 3038 1056 3080; x_wconf 85' lang='lat' dir='ltr'><strong>in</strong></span> <span class='ocrx_word' id='word_1_157' title='bbox 1091 3035 1297 3096; x_wconf 77' lang='lat' dir='ltr'><strong>partibus</strong></span> <span class='ocrx_word' id='word_1_158' title='bbox 1332 3032 1646 3077; x_wconf 79' lang='lat' dir='ltr'><strong>fructificatio-</strong></span> 
     </span>
    </p>
   </div>
   <div class='ocr_carea' id='block_1_11' title="bbox 308 3108 1645 3173">
    <p class='ocr_par' dir='ltr' id='par_1_11' title="bbox 308 3108 1645 3173">
     <span class='ocr_line' id='line_1_29' title="bbox 308 3108 1645 3173; baseline -0.007 -14"><span class='ocrx_word' id='word_1_159' title='bbox 308 3116 378 3160; x_wconf 85' lang='lat' dir='ltr'><strong>nis</strong></span> <span class='ocrx_word' id='word_1_160' title='bbox 406 3115 608 3161; x_wconf 83' lang='lat' dir='ltr'><strong>breviter</strong></span> <span class='ocrx_word' id='word_1_161' title='bbox 631 3114 723 3159; x_wconf 88' lang='lat' dir='ltr'><strong>huc</strong></span> <span class='ocrx_word' id='word_1_162' title='bbox 749 3116 1018 3159; x_wconf 74' lang='lat' dir='ltr'><strong>indicandae</strong></span> <span class='ocrx_word' id='word_1_163' title='bbox 1042 3116 1171 3162; x_wconf 78' lang='lat' dir='ltr'><strong>sunt,</strong></span> <span class='ocrx_word' id='word_1_164' title='bbox 1202 3111 1358 3173; x_wconf 84' lang='lat' dir='ltr'><strong>paullo</strong></span> <span class='ocrx_word' id='word_1_165' title='bbox 1385 3111 1520 3153; x_wconf 78' lang='lat' dir='ltr'><strong>fusius</strong></span> <span class='ocrx_word' id='word_1_166' title='bbox 1547 3108 1645 3155; x_wconf 75' lang='lat' dir='ltr'><strong>has,</strong></span> 
     </span>
    </p>
   </div>
   <div class='ocr_carea' id='block_1_12' title="bbox 1603 3196 1646 3226">
    <p class='ocr_par' dir='ltr' id='par_1_12' title="bbox 1603 3196 1646 3226">
     <span class='ocr_line' id='line_1_30' title="bbox 1603 3196 1646 3226; baseline 0.023 -1"><span class='ocrx_word' id='word_1_167' title='bbox 1603 3196 1646 3226; x_wconf 74' lang='lat' dir='ltr'><strong>et</strong></span> 
     </span>
    </p>
   </div>
  </div>
 </body>
</html>
