2039 3522
337 294 460 346 ord.
498 291 539 340 1.
579 288 718 337 ram.
762 297 808 344 3.
849 280 1423 335 RHYNGANTHAE.
1594 304 1655 350 81

307 438 553 494 superum,
605 427 834 477 Ioculare,
889 423 1258 486 polyfpermum.
1344 423 1492 478 calyx
1527 431 1659 484 perst.

308 511 424 556 stens
446 542 458 558 ,
488 506 635 568 peuda
663 520 705 549 et
730 504 918 549 stamina
945 504 997 546 in
1021 505 1204 548 summo
1228 501 1659 566 margine-affigens,

306 585 539 631 Anthene
565 585 826 640 elongatae,
858 582 988 641 apice
1011 582 1250 629 rostratae,
1293 579 1445 622 immo
1475 577 1565 622 bafi
1594 580 1661 622 bi-

309 679 499 712 cornes,
530 662 671 705 initio
700 673 926 702 nutantes.

308 818 440 863 Folia
502 820 678 876 semper
741 814 951 874 opposita
979 844 992 862 ,
1064 812 1156 856 fere
1194 813 1416 857 omnibus
1457 815 1664 859 nervosa.

311 896 471 939 Caulis
500 895 648 952 magis
680 906 963 951 perennans,
1008 905 1148 950 quam
1179 890 1231 933 in
1262 891 1455 935 familiis
1488 892 1669 936 ordinis

312 971 572 1032 prioribus.

116 1125 681 1170 DIFFERENTIA.
748 1121 969 1166 Antheris
999 1120 1308 1181 singularibus
1350 1122 1573 1166 recedunt
1613 1124 1668 1166 ab

313 1203 515 1261 Onagris
559 1215 604 1244 et
645 1199 908 1249 Salicariis,
964 1201 1050 1242 fint
1078 1200 1287 1258 germine
1315 1198 1464 1242 libero
1505 1200 1669 1243 instru-

314 1292 435 1329 ctae,
486 1278 564 1323 vel
606 1291 834 1326 connato,
891 1277 1130 1331 calycino;
1189 1276 1318 1320 toliis
1364 1278 1590 1335 oppolitis
1620 1279 1676 1321 in

316 1357 462 1416 specie
491 1356 546 1400 ab
578 1356 672 1399 illis
717 1356 1038 1414 Onagrarum,
1096 1354 1268 1414 quibus
1299 1354 1514 1397 antherae
1546 1356 1670 1398 elon-

312 1434 540 1492 gatiores,
574 1446 618 1477 et
645 1434 802 1493 aliquo
830 1434 974 1476 modo
1002 1431 1350 1475 similitudinem
1382 1433 1673 1477 mentientes.

316 1511 554 1555 Germinis
604 1513 712 1553 {itus
759 1511 948 1568 iusuper
992 1509 1101 1554 alias
1139 1510 1308 1569 species
1351 1525 1374 1551 a
1415 1508 1675 1561 Salicariis,

313 1588 422 1631 alias
448 1587 502 1631 ab
531 1588 730 1647 Onagris
756 1587 990 1631 discernit.

314 1747 459 1787 Extra
492 1743 666 1786 classem
695 1742 871 1785 formae
897 1742 1216 1800 pentapetalae
1240 1743 1300 1786 ob
1331 1744 1575 1787 staminum
1604 1745 1675 1787 in-

318 1821 593 1868 sertionem,
650 1835 836 1877 germen
867 1819 1163 1876 styligerum,
1220 1820 1398 1862 fructus
1428 1822 1591 1870 ntum,
1635 1837 1681 1865 et:

320 1897 546 1938 seminum
601 1911 848 1937 numerum
871 1927 882 1944 ,
940 1910 1048 1937 cum
1102 1894 1341 1944 Prockiis,
1401 1899 1676 1948 Pomiferis,

321 1973 631 2029 Myrtoideis‚
676 1971 775 2019 vel,
835 1972 896 2014 ob
934 1971 1045 2014 folia
1086 1974 1322 2032 opposita,
1379 1973 1527 2017 solum
1568 1991 1677 2018 cum

319 2048 502 2091 ultimis
528 2047 692 2089 harum
719 2048 1081 2106 comparandae,
1125 2047 1289 2091 divelli
1325 2049 1496 2093 debent
1519 2052 1676 2095 anthe-

321 2127 386 2168 ris
410 2124 545 2184 plane
571 2124 908 2184 fingularibus,
964 2138 1009 2168 et
1047 2124 1223 2168 ibidem
1265 2124 1455 2176 alienis;
1500 2128 1679 2171 formae

322 2203 620 2259 hexapecalae
655 2215 698 2244 et
734 2203 997 2260 irregulares
1022 2202 1161 2245 fimili
1189 2203 1334 2246 modo
1360 2216 1416 2246 ut
1438 2204 1488 2245 in
1514 2205 1679 2248 salica-

323 2279 408 2322 riis
424 2311 436 2328 ,
470 2278 526 2322 ab
555 2280 690 2322 omni
709 2279 886 2322 familia
909 2279 1052 2323 classa
1080 2292 1268 2339 quartae
1288 2281 1528 2326 recedunt.

134 2436 671 2482 AFFINITATES.
732 2434 1074 2494 Rhynganthae
1110 2435 1160 2478 in
1203 2435 1369 2479 ordine
1408 2437 1491 2481 suo
1517 2438 1678 2496 proxi-

326 2527 402 2555 me
427 2512 600 2556 adstant
622 2511 737 2556 hinc
769 2514 966 2571 Onagris
1002 2513 1087 2567 (N.
1114 2515 1182 2568 8.)
1219 2514 1427 2572 germine
1465 2528 1683 2563 connato,

329 2601 374 2632 et
412 2589 616 2633 antheris
659 2589 954 2634 Oenotherae
1005 2603 1048 2633 et
1095 2590 1302 2633 Rhexiae
1347 2592 1683 2641 Acisantherae,
1748 2598 1752 2604 ’

328 2667 379 2707 in
403 2680 602 2728 utraque
627 2667 803 2710 familia
831 2666 1029 2717 vicium
1059 2667 1168 2710 inde
1196 2683 1432 2711 connexae
1459 2670 1687 2712 Salicariis

332 2744 418 2794 (N.
442 2745 509 2800 6.)
535 2746 680 2790 modo
707 2747 801 2802 jam
825 2758 955 2788 antea
980 2745 1124 2788 dicto.
1184 2746 1475 2803 Myrtoideis
1509 2748 1592 2800 (N.
1619 2750 1686 2805 9.)

333 2821 534 2864 maxime
564 2821 717 2866 affines
758 2823 862 2865 sunt
885 2824 973 2865 situ
998 2823 1224 2866 foliorum
1251 2823 1494 2882 oppofito,
1525 2823 1691 2866 habitu.

333 2895 561 2940 foliorum
586 2899 769 2959 rigido,
822 2901 1048 2949 nervoso,
1102 2915 1299 2943 numero
1335 2899 1688 2960 partiumssoris,

336 2973 586 3017 staminum
610 2977 889 3034 insertione,
930 2977 1214 3035 embiyone,
1259 2976 1531 3036 stipularum
1570 2976 1688 3018 defe-

335 3063 436 3100 ctu,
471 3052 624 3095 immo
653 3052 703 3094 in
733 3054 970 3112 speciebus
1001 3054 1273 3103 nonnullis,
1327 3054 1479 3111 calyce
1510 3055 1691 3110 integre

339 3128 623 3188 marginum
688 3142 731 3173 et
784 3129 958 3174 corolla
1014 3131 1407 3191 calyptraeformi.
1494 3131 1692 3175 Lomen-

1015 3207 1044 3251 6
1545 3215 1697 3249 taceae
