2039 3522
371 171 440 222 38

773 161 921 211 Claff.
962 164 1031 213 II.
1100 163 1535 214 CRUCIATAE.

372 299 935 348 DIFFERENTIA.
997 306 1052 345 In
1091 302 1222 346 claffe
1258 304 1516 360 praesente,
1562 305 1823 365 posthabita
1859 325 1928 353 ra·

572 377 702 422 tione
739 381 926 422 numeri
952 393 997 422 et
1019 380 1351 438 proportionis
1377 382 1639 441 petalorum
1657 415 1668 433 ,
1713 384 1803 427 fixa
1829 385 1930 445 lege

570 456 799 498 differunt
822 456 1071 498 staminum
1096 457 1184 498 fitu
1210 474 1238 498 a
1270 457 1661 516 Calycanthemis,
1693 461 1933 507 albumine

571 550 600 575 a
643 531 940 586 Capparideis
977 543 1022 574 et
1055 531 1321 593 Siliquofis;
1369 535 1498 579 foliis
1533 551 1578 582 et
1603 539 1793 583 seminis
1820 541 1930 584 stru·

571 621 703 652 ctura
727 625 754 651 a
785 609 1068 668 GuttaeJeris
1092 609 1199 654 sunt
1228 610 1448 656 diversae.

570 765 920 822 Pentapetalum
964 778 1043 810 aut
1089 767 1410 825 hexapetalum
1457 770 1748 829 Argemones
1794 789 1935 830 genus

571 842 727 901 priori
773 844 876 886 casu
913 845 1124 904 germine
1171 863 1195 888 a
1235 845 1637 905 Multifiliquofis,
1691 847 1935 895 filamentiu

573 932 620 963 et
643 918 797 979 calyce
826 938 848 963 a
877 922 1041 971 Cistis,
1097 923 1353 981 embryone
1379 941 1402 966 a
1436 924 1680 974 Tiliaceis,
1733 926 1936 969 stamini·
2002 973 2007 976 ,

573 997 664 1041 bus
690 998 745 1042 ab
772 999 1118 1059 Hyperioneis3
1172 1000 1319 1044 altero
1345 1017 1458 1044 vero
1487 1003 1594 1044 casu
1617 1003 1825 1061 germine
1851 1021 1935 1064 po-

573 1076 811 1136 lyspermo
840 1109 851 1125 ,
917 1084 1211 1135 numeroque
1257 1078 1503 1122 staminum
1553 1096 1576 1121 a
1625 1081 1936 1142 Monocarpis

578 1152 723 1197 clasfis
749 1167 938 1213 quartae
965 1154 1251 1200 distinctum.

573 1311 881 1370 sanguinaria
904 1310 1175 1368 polypetala
1200 1310 1286 1354 soli
1309 1310 1614 1371 Nymphaeae
1639 1325 1683 1356 et
1706 1313 1937 1359 Decuma-

575 1387 699 1437 riae,
743 1387 921 1447 pistillo
943 1389 1112 1448 supero
1149 1388 1374 1448 simplici,
1406 1389 1599 1433 videtur
1624 1392 1935 1450 opponendag

575 1465 730 1521 calyce.
761 1466 964 1516 caduco,
1015 1478 1060 1509 et
1082 1465 1368 1521 embryone,
1409 1469 1455 1510 e‘t
1476 1466 1661 1516 fructu,
1704 1467 1845 1528 longe
1880 1469 1937 1514 ab

575 1544 641 1588 eis
666 1543 850 1589 distans.

578 1700 879 1757 Irregulares,
923 1701 1220 1749 Sam-idaea,
1264 1699 1510 1757 Polygala,
1553 1701 1796 1751 fumaria,
1838 1701 1936 1746 fru-

577 1788 655 1819 ctu
691 1776 1025 1826 2·folliculari,
1078 1777 1353 1838 stipularum
1388 1777 1594 1826 defectu,
1638 1790 1684 1821 et
1717 1778 1938 1838 singulari

578 1852 877 1897 antherarum
902 1853 953 1898 in
977 1853 1216 1898 folliculos
1241 1855 1386 1913 (quast
1410 1854 1461 1897 in
1484 1854 1680 1913 lingulas
1700 1856 1936 1913 antheras)

577 1930 833 1980 divisione,
864 1930 1137 1991 neutiquam
1165 1931 1528 1990 Papilionaceis,
1560 1932 1699 1975 etiam
1725 1935 1935 1991 germine

579 2008 746 2068 supero
775 2007 1022 2068 praeditis,
1051 2008 1346 2068 respondent.

577 2164 844 2208 Bocconiae
871 2180 1017 2224 genus
1039 2165 1283 2220 apetalum,
1316 2166 1468 2222 calyce
1481 2165 1712 2225 2-phyllo,
1743 2167 1935 2221 caduco,
1990 2165 1993 2171 '

576 2242 735 2286 fructu
770 2242 1016 2303 filiquoso,
1070 2242 1278 2291 bivalvi,
1332 2243 1612 2301 embryone,
1665 2245 1934 2290 staminibus

578 2333 625 2363 et
647 2319 800 2370 foliis,
832 2320 888 2364 ab
914 2320 1134 2364 omnibus
1158 2320 1351 2365 familiis
1377 2320 1518 2365 clasfis
1559 2322 1770 2383 quintae,
1816 2327 1933 2369 seor·

578 2397 659 2441 slm
686 2399 994 2459 comparatis,
1024 2398 1280 2460 repellitur.
1697 2393 1699 2398 ’

385 2554 439 2599 Μ
454 2553 496 2600 Ο
511 2554 559 2600 Ν
573 2556 612 2598 E
627 2557 675 2600 N
687 2556 734 2599 D
749 2559 791 2600 U
804 2558 873 2600 M.
936 2557 1093 2602 Genus
1116 2558 1353 2601 Fumat-iae
1380 2556 1570 2612 (fructu
1585 2590 1597 2608 ,
1630 2558 1783 2617 calyce
1796 2590 1808 2609 ,
1841 2576 1933 2603 em-

577 2632 784 2689 bryone,
815 2635 1012 2693 pruina,
1045 2634 1328 2679 Chelidonio
1361 2649 1450 2679 tam
1479 2636 1719 2687 vicinum,
1763 2649 1808 2680 et
1830 2636 1932 2680 reli-

580 2711 689 2771 quis
713 2711 1011 2768 Rhoeadeis)
1037 2713 1207 2773 partim
1235 2713 1490 2769 embryone
1514 2714 1773 2770 majusculo
1799 2713 1931 2757 defle-

582 2791 692 2839 ctit,
725 2791 860 2850 seque
887 2791 1030 2834 sociat
1055 2792 1340 2850 Polygalae,
1384 2791 1640 2849 embryone
1664 2806 1833 2850 magno
1862 2790 1931 2831 in·

581 2869 801 2918 structae,
835 2886 951 2927 quae
978 2869 1084 2913 dein
1112 2882 1232 2912 arcte
1260 2885 1366 2912 cum
1404 2871 1670 2913 Securidaca
1701 2868 1933 2926 jungitur.

587 2945 810 2990 omnibus
848 2946 923 2990 his
962 2963 1045 3005 per
1086 2946 1380 2990 antheum-um
1426 2947 1663 2992 folliculos
1709 2945 1932 2989 discretos
2002 2945 2004 2947 ’

586 3022 831 3067 communi
860 3036 903 3067 et
925 3024 1144 3084 singulari
1167 3025 1421 3070 charactere
1445 3025 1632 3070 notatis.

1744 3103 1783 3145 A
1797 3103 1831 3144 Γ
1846 3101 1880 3145 F
1898 3104 1936 3142 1-
