2039 3522
442 311 565 361 ord.
602 311 646 359 1.
690 309 831 359 Fam.
870 320 918 374 4.
971 309 1331 361 SPIRAEAE.
1635 337 1665 383 9

319 438 437 499 qnid
473 439 525 482 in
561 437 878 497 Myrtoideis,
920 439 1079 484 minus
1115 441 1167 483 in
1191 438 1465 498 Drupiferis
1494 455 1533 484 et
1563 446 1669 486 Sen-

316 516 483 560 ticofis.

371 931 494 972 Fam.
524 930 606 975 IV.
666 928 693 971 S
721 929 753 969 P
778 928 799 968 I
827 926 997 969 RAE
1024 925 1062 969 A
1088 927 1127 968 E
1173 926 1270 980 (N.
1303 929 1420 981 13.).

122 1095 453 1140 GENERA.
513 1098 778 1142 Spmfzm,
826 1095 1174 1144 TETRACERA,
1208 1095 1541 1140 Ουιιᾼτειιᾼ.

122 1229 273 1274 GHA
290 1233 322 1273 Ρι
341 1232 376 1274 A
397 1232 487 1274 CT
510 1233 617 1274 ER.
680 1231 898 1274 Germina
925 1228 1059 1288 plura
1085 1230 1160 1283 (2.
1187 1243 1226 1284 3.
1251 1237 1292 1287 4.
1318 1240 1358 1284 5.
1383 1245 1487 1272 raro
1515 1245 1675 1274 nume·

315 1309 546 1363 rofiora),
593 1310 750 1367 supera
768 1339 778 1355 ‚
805 1305 1083 1350 follicularia
1101 1338 1111 1354 ,
1152 1306 1464 1349 maturatione
1504 1306 1672 1350 suturis

317 1386 527 1430 introrszs
590 1383 926 1429 unilateraliter
987 1383 1296 1435 dehiscentia,
1360 1383 1668 1444 oligospermn

319 1463 606 1517 (seminibus
647 1465 783 1519 1·5.).

313 1575 445 1618 Folia
482 1577 681 1626 alterna,
733 1575 971 1636 reliquum
1010 1574 1235 1635 simplicia.
1269 1573 1347 1618 vel
1383 1574 1665 1633 composita.

315 1653 499 1715 stipulis
532 1655 752 1698 instructa
776 1653 851 1697 vel
876 1653 1092 1697 carentia.

120 1787 166 1830 D
183 1789 204 1829 1
218 1789 254 1830 F
270 1789 304 1831 Γ
318 1791 355 1830 Ε
371 1791 410 1830 R
426 1791 463 1830 Ε
479 1791 525 1834 N
542 1791 582 1832 T
599 1792 618 1830 Ῐ
633 1791 687 1832 Α.
751 1788 873 1832 Solis
888 1788 938 1830 in
963 1786 1054 1830 hoc
1083 1786 1248 1830 ordine
1274 1785 1515 1828 Senticofis
1528 1816 1541 1834 ‚
1577 1782 1673 1844 ple·

314 1881 516 1924 rumque
547 1864 830 1923 polygynis‚
868 1863 1042 1905 familia
1071 1862 1159 1904 erit
1184 1862 1499 1920 opponenda.
1541 1861 1674 1903 diffe-

318 1959 423 1985 rens
450 1941 697 1984 fructubus
734 1938 1108 1987 dehiscentibus,
1142 1954 1238 1981 non
1270 1937 1674 1981 seminiformibuo

317 2020 501 2066 clausis,
547 2032 592 2060 et
614 2018 804 2074 insuper
830 2016 1012 2074 saepius
1040 2014 1294 2057 leminibus
1321 2013 1527 2072 aliquot,
1574 2030 1672 2058 non

316 2095 466 2138 solum
498 2094 722 2154 simplici,
753 2093 951 2137 refertis.

121 2207 538 2254 MONENDA.
612 2206 816 2266 Triplici
851 2206 997 2249 modo
1038 2205 1249 2264 Spiraeae
1291 2205 1520 2248 confundi
1570 2206 1676 2261 pos·

320 2287 427 2329 sunt
469 2302 576 2328 curn
609 2284 801 2327 familiis
830 2282 884 2326 ab
911 2283 1002 2326 hoc
1028 2283 1193 2325 ordine
1221 2282 1439 2331 diverfis,
1474 2281 1533 2325 ob
1565 2282 1673 2341 plu-

314 2363 545 2406 ralitatem
594 2361 934 2406 folliculorum.
1019 2361 1270 2403 Tacearnus
1337 2358 1533 2402 familias
1582 2357 1677 2401 hoo

313 2441 461 2484 modo
499 2441 809 2489 constructas,
853 2437 1053 2481 liliaceas
1082 2439 1179 2491 (N.
1204 2449 1261 2496 39
1302 2461 1321 2467 ··
1341 2444 1409 2493 41.
1439 2450 1508 2491 25.
1534 2437 1682 2491 56.);

318 2518 471 2562 solum
507 2520 713 2563 rosaceas
743 2530 1097 2574 comparemus,
1151 2513 1461 2572 saxifrageas,
1506 2516 1677 2557 Succu-

314 2595 488 2646 lentas,
521 2609 564 2640 et
593 2594 974 2654 Multifiliquosas
1000 2593 1085 2646 (N.
1118 2603 1182 2646 15.
1211 2599 1282 2649 48.
1308 2593 1431 2645 50.)‚
1474 2587 1676 2646 Saxifra-

312 2690 426 2732 geue
452 2674 601 2718 immo
638 2686 684 2716 et
719 2672 973 2715 insertione
1011 2669 1257 2713 staminum
1294 2680 1338 2710 et
1376 2665 1577 2710 corollae
1624 2666 1677 2709 in

316 2752 471 2808 calyce
510 2751 710 2811 Spiraeis
746 2747 1056 2809 respondent,
1100 2759 1144 2788 at
1179 2745 1408 2788 seminum
1446 2743 1674 2786 structura

316 2829 534 2886 propria,
576 2828 835 2884 embryone
859 2824 1154 2869 albuminoso
1184 2822 1402 2870 centrali‚
1433 2819 1675 2867 bacillari,

315 2903 539 2946 familiam
564 2922 588 2947 a
613 2906 844 2964 praesente
872 2901 1128 2961 distinguit.
1191 2899 1479 2944 Succulentae
1492 2898 1582 2939 fere
1598 2911 1677 2939 eo-

317 2981 420 3023 dem
438 2979 693 3025 charactere
718 2982 968 3028 differunt,
1002 2992 1045 3022 et
1064 2976 1351 3026 staminibus,
1382 2972 1673 3033 receptaculo

316 3057 512 3100 insertis.
559 3058 736 3102 Similis
757 3059 949 3100 insertio
964 3057 1070 3099 etin
1083 3050 1473 3112 Multisiliquosis,
1504 3051 1553 3092 in
1568 3048 1673 3107 qui-

318 3135 406 3178 bus
432 3135 621 3180 stamina
645 3134 835 3195 insuper
860 3134 1029 3178 caduca
1054 3134 1304 3190 spontanee
1327 3125 1679 3189 receptaculum

1444 3204 1675 3251 deserunt,
