2039 3522
767 224 914 276 class.
963 214 1004 275 1.
1068 223 1462 274 ROSACEAE.

530 351 688 413 aliquo
725 353 870 397 modo
908 353 1078 395 arctius
1120 350 1364 394 staminum
1391 348 1719 398 alternatione,
1770 347 1879 391 licet

529 430 839 491 simpliciore,
884 431 1257 489 approximatur.

529 530 590 572 Et
612 539 739 571 extra
766 527 966 571 ordinem
990 541 1088 566 cum
1114 524 1296 580 reliquis
1318 523 1530 581 Rosaceis
1558 508 1882 583 comparemus

533 605 793 653 Senfitivas,
824 618 990 662 nempe
1017 618 1122 644 cum
1150 600 1261 649 illis,
1294 601 1466 660 quibus
1491 602 1677 646 stamina
1706 617 1789 644 nec
1815 617 1885 643 ca-

529 682 626 740 lyci
661 683 747 735 (N.
771 688 926 745 9-714.
953 687 1023 739 48.
1050 682 1171 734 52),
1207 693 1288 721 nec
1313 678 1515 737 germini
1545 680 1629 731 (N.
1657 679 1883 737 62-64.),

531 759 858 819 imponuntur.
929 757 1167 800 Recedunt
1202 773 1223 798 a
1264 755 1478 815 pluribus
1518 770 1681 798 eorum
1721 757 1818 808 (N.
1848 774 1885 799 1.

530 847 600 891 55.
627 839 722 897 59.)
747 836 994 880 staminum
1018 849 1216 879 numero
1245 833 1466 881 definito,
1499 832 1552 874 ab
1581 831 1683 874 aliis
1709 833 1797 886 (15.
1817 846 1887 887 47.

529 922 712 975 49—-51,
730 916 824 968 58.)
849 911 1095 956 filamentis
1125 927 1217 954 non
1236 910 1393 953 liberis
1413 941 1424 958 ,
1457 926 1479 952 a
1503 910 1695 968 reliquis
1722 911 1891 968 (N.46.

531 993 601 1038 61.
628 993 723 1047 65.)
747 1006 942 1035 numero
972 989 1196 1046 stylorum
1214 1020 1225 1037 ,
1257 987 1332 1032 vel
1360 1002 1403 1031 et
1429 987 1679 1046 praesentia
1711 987 1890 1031 loculo-

534 1087 642 1114 rum
679 1071 728 1112 in
767 1069 935 1112 fructu.
1016 1067 1236 1111 Familiae
1273 1066 1600 1108 Rhamnorum
1641 1065 1725 1118 (N.
1764 1067 1885 1122 44),

534 1161 578 1191 et
602 1147 1122 1193 Terebinthinaceorum
1152 1145 1234 1198 (N.
1261 1146 1352 1201 45.)
1369 1175 1379 1191 ,
1412 1143 1503 1185 fere
1528 1144 1702 1201 semper
1738 1142 1888 1185 stami-

535 1225 622 1269 bus
648 1225 831 1274 liberis,
875 1237 919 1267 et
941 1239 1138 1266 numero
1168 1221 1392 1279 stylorum
1417 1221 1598 1264 diverso
1615 1252 1626 1268 ,
1658 1236 1679 1262 a
1709 1221 1891 1262 Senfiti-

534 1303 609 1347 vis
636 1303 885 1353 differunt3
928 1302 958 1342 fi
982 1300 1087 1356 styli
1112 1300 1248 1342 etiam
1274 1298 1508 1356 quinarii,
1550 1297 1890 1355 disjunguntur

535 1380 834 1428 staminibus3
886 1380 917 1420 fi
956 1377 1145 1421 stamina
1177 1376 1462 1425 coalescant,
1516 1390 1714 1418 numero
1750 1374 1890 1432 stylo-

534 1472 655 1499 rum.
716 1454 1008 1500 Portulaceae
1046 1454 1268 1512 quaedam
1310 1454 1446 1496 ctiam
1473 1452 1713 1495 instructae
1740 1451 1905 1494 smmi--

533 1534 675 1577 nibus
711 1531 1170 1591 [ub—monadelphis,
1224 1531 1412 1574 seminis
1441 1531 1662 1578 structura
1689 1529 1893 1573 diversae

536 1612 655 1659 sunt.

342 1743 397 1786 M
413 1744 454 1789 O
470 1746 516 1789 Ν
530 1748 568 1788 Ε
584 1748 631 1790 Ν
645 1748 691 1789 D
706 1748 760 1789 A.
822 1747 954 1790 Licet
982 1761 1125 1804 genus
1152 1747 1266 1789 Lini
1291 1743 1350 1786 ob
1376 1741 1646 1786 columellae
1661 1774 1672 1790 ,
1704 1740 1889 1786 follicu-

533 1822 605 1865 los
630 1823 957 1866 intercedentis
974 1854 985 1871 ,
1018 1821 1245 1864 defectum
1263 1852 1275 1870 ‚
1319 1819 1568 1862 characteri
1594 1820 1738 1862 totins
1763 1820 1889 1863 ordi-

534 1899 608 1943 nis
642 1900 957 1943 contradicere
982 1899 1222 1947 videatur,
1270 1911 1417 1939 tamen
1453 1897 1698 1940 secundum
1728 1897 1889 1956 proxi-

534 1992 610 2019 me
662 1977 813 2019 datam
872 1976 1268 2033 comparationem
1324 1973 1496 2016 nullibi
1549 1975 1886 2017 naturaliorem

534 2055 749 2112 agnoscit
786 2052 1051 2096 affinitatem
1087 2053 1134 2094 in
1176 2051 1315 2095 Classe
1360 2053 1693 2100 Rosacearum,
1749 2068 1889 2111 quam

536 2147 661 2181 eam,
717 2148 807 2191 qua
842 2132 972 2187 juxta
1007 2129 1299 2174 Avcrrhoam
1330 2142 1373 2172 et
1401 2130 1648 2173 Oxalidem
1681 2130 1886 2179 locatur,

535 2208 716 2252 defectu
742 2208 1036 2269 stipularum,
1068 2221 1111 2251 et
1139 2208 1395 2251 clasticitate
1434 2208 1674 2263 (fructus)
1713 2209 1777 2251 eis
1814 2208 1886 2250 in-

535 2287 670 2347 super
699 2286 893 2331 similius
921 2286 1107 2330 factum.

340 2418 380 2461 A
395 2419 428 2461 F
444 2421 478 2462 F
495 2422 516 2462 Ι
533 2422 578 2465 N
594 2422 668 2464 IT
681 2423 720 2466 A
735 2424 774 2466 T
788 2425 825 2465 E
843 2425 884 2466 S.
943 2421 1120 2466 Habitu
1146 2419 1271 2463 floris
1300 2434 1506 2468 externo,
1540 2420 1663 2475 stylis
1679 2420 1887 2463 distincte

534 2499 744 2548 insertis,
788 2513 832 2543 et
856 2500 1019 2544 habitu
1050 2497 1364 2557 fimplicifolio
1403 2501 1571 2552 (immo
1612 2499 1887 2557 oppofitifo-

534 2575 638 2633 lio)
669 2578 812 2627 Lini,
855 2579 897 2621 se
927 2577 1143 2638 proxime
1186 2577 1390 2635 jungunt
1422 2577 1772 2634 Caryophylleic
1801 2577 1887 2630 (N.

531 2657 654 2710 58.);
686 2656 824 2699 simili
850 2656 1021 2705 modo,
1057 2655 1116 2699 ob
1140 2653 1301 2699 florem
1327 2667 1371 2697 et
1396 2653 1559 2711 stylos,
1594 2653 1718 2695 mnu!
1752 2667 1795 2696 et
1827 2653 1887 2698 ob

537 2733 707 2776 semina
746 2733 1060 2782 albuminosa,
1105 2745 1236 2777 extus
1272 2732 1448 2780 scabra,
1492 2733 1882 2780 instabilitatem.

537 2811 883 2870 pubescentiam
939 2810 1253 2870 glandulosam
1275 2843 1285 2857 ,
1345 2823 1388 2852 et
1441 2826 1616 2851 acorem
1638 2841 1650 2858 ,
1712 2810 1887 2853 Ciliatis

536 2889 619 2940 (N.
646 2893 764 2944 5ι.);
808 2890 867 2933 ob
893 2889 1212 2936 columellam,
1260 2886 1578 2930 folliculorum
1619 2903 1884 2934 nnmerum,

536 2979 696 3010 motus
723 2969 950 3017 elasticos,
995 2981 1038 3011 et
1066 2979 1319 3012 acescentes
1346 2967 1534 3015 succos,
1591 2964 1887 3010 Gruinalibus

536 3044 619 3095 [N.
646 3048 738 3101 56.)

1619 3119 1714 3163 LO
1732 3119 1765 3163 C
1781 3121 1822 3161 U
1839 3120 1882 3161 S.
