2039 3522
312 220 413 264 vm
816 202 1334 266 PRAEMUNEND
1345 207 1406 264 Α.’

567 282 604 316 ὀ

313 358 494 422 (quem
521 341 854 420 conspectum
880 359 982 420 jam
1021 359 1167 416 1736.
1195 345 1395 421 publici
1426 356 1555 423 juris
1580 357 1735 419 feci),
1776 370 1894 406 cum

315 443 457 513 ipsae
488 444 770 494 affinitates
799 447 927 494 mihi
954 446 1186 495 intuenti
1213 447 1267 492 in
1304 447 1395 495 has
1441 466 1620 516 greges
1661 447 1899 498 secedere

316 538 647 588 viderentur.
728 536 1004 603 Singulare
1032 535 1197 585 visum
1231 535 1300 585 est
1324 540 1609 599 nonnullis,
1649 552 1702 589 et
1728 540 1899 588 minus

320 643 514 697 aptum.
589 629 734 677 Bene
775 627 1089 688 monebant,
1152 647 1426 676 numerum
1478 631 1702 681 corollae
1744 632 1899 681 val-de

324 723 377 770 in
405 737 594 789 genere
619 758 631 780 ‚
673 722 829 770 immo
859 721 912 767 in
941 719 1138 767 familia
1158 756 1170 780 ,
1210 722 1410 771 variare
1429 759 1442 781 ,
1484 734 1536 770 et
1565 722 1718 770 nimis
1737 723 1899 771 lubri-

326 829 441 860 cum
485 809 584 860 esse
629 811 1010 872 characterem,
1078 812 1270 861 exinde
1310 816 1551 880 petitum.
1654 812 1900 862 Concedo

325 906 616 953 variantem
643 923 913 953 numerum
931 942 944 964 ,
994 903 1080 952 secl
1111 903 1274 952 statuo
1297 906 1602 971 primarium
1620 942 1634 965 ,
1677 923 1903 972 eumque

328 995 542 1063 sequor;
580 1004 828 1045 'numerus
864 997 1137 1063 quinarius
1169 1015 1212 1045 e.
1242 1015 1288 1064 g.
1316 996 1605 1062 petalorum
1633 996 1754 1047 satis
1781 1014 1901 1045 con-

327 1086 460 1136 stans
498 1100 713 1154 apparet
739 1090 794 1136 in
821 1088 1134 1137 Umbellatis
1157 1110 1170 1146 3
1225 1089 1278 1137 in
1308 1087 1723 1156 Multifiliquosis
1743 1124 1757 1147 ‚
1797 1100 1904 1136 tam

328 1181 473 1228 varie
500 1179 919 1240 luxuriantibus,
971 1193 1028 1227 ut
1056 1181 1334 1246 primarius
1369 1193 1421 1230 et
1455 1180 1742 1247 completus
1781 1180 1900 1229 reli·

330 1291 554 1340 quorum
585 1291 688 1320 non
719 1273 898 1339 negari
931 1270 1123 1339 potest,
1164 1272 1231 1322 sic
1251 1285 1312 1320 ut
1343 1273 1396 1320 in
1421 1274 1596 1332 Ruta,
1636 1271 1730 1338 ubi
1758 1289 1785 1319 a
1814 1290 1904 1320 ve·

331 1364 825 1432 getationetantum
867 1365 919 1411 in
950 1365 1101 1410 ramis
1128 1363 1432 1412 lateralibus
1471 1383 1578 1414 non
1610 1364 1902 1432 perficitur.

330 1454 613 1505 Distinctio
657 1457 802 1523 regni
842 1455 1151 1524 vegetabilis
1199 1457 1253 1503 in
1289 1455 1698 1522 acotyledonea,
1763 1455 1904 1504 dico·

331 1547 641 1612 tyledonea,
684 1561 734 1596 et
763 1547 1305 1613 monocotyledonea,
1345 1548 1399 1597 in
1433 1565 1622 1616 genere
1651 1546 1905 1597 adhiben-

332 1639 396 1688 da
422 1641 592 1689 minus
616 1639 744 1688 mihi
772 1624 1047 1705 placebat,
1086 1640 1322 1707 quamvis
1367 1641 1418 1686 in
1446 1638 1583 1687 binis
1623 1637 1907 1704 systematis

330 1731 459 1781 locis
495 1731 678 1781 ultima
705 1731 890 1780 horum
911 1731 1116 1792 seorsim
1144 1732 1376 1800 exposita
1402 1730 1746 1781 exhibuerim.

472 1938 752 2006 Reliquum
778 1937 942 1985 libere
962 1968 977 1996 -,
1031 1948 1082 1985 et
1115 1934 1438 2002 absque'ulla
1469 1947 1620 1983 antea
1655 1935 1902 1985 constitu·

334 2042 389 2079 ta
425 2030 542 2099 lege
586 2042 639 2078 et
678 2027 1027 2087 subdivisione
1062 2026 1319 2086 familias,
1376 2039 1427 2074 et
1459 2027 1687 2076 minores
1710 2045 1905 2078 ·earum

335 2123 797 2192 congregationes,
863 2119 900 2167 s.
939 2119 1149 2168 ordines
1173 2156 1185 2177 ,
1252 2117 1343 2166 sub
1372 2117 1605 2167 classibus
1634 2119 1904 2187 proposui,

331 2218 488 2266 unice
525 2214 813 2272 sollicitus,
862 2224 922 2259 ut
961 2229 1045 2260 eas
1085 2210 1353 2270 cohortes,
1419 2228 1544 2278 quas
1582 2229 1762 2260 revera
1809 2211 1906 2262 effe

335 2307 592 2358 distinctas
643 2304 938 2363 censebam,
1012 2316 1062 2352 et
1103 2301 1253 2350 simili
1299 2302 1454 2350 modo
1501 2301 1734 2351 distincte
1782 2303 1905 2352 defi-

332 2402 513 2451 nirem.
587 2399 758 2447 Nimis
783 2393 1045 2462 persuasus
1075 2394 1215 2453 sum,
1256 2394 1449 2462 ubique
1477 2395 1530 2442 in
1560 2393 1908 2461 descriptione

333 2506 551 2543 naturae
579 2490 743 2538 eidem
780 2488 872 2554 ipsi
898 2486 1276 2544 obediendum,
1316 2487 1592 2552 viamque,
1634 2504 1785 2553 quain
1815 2505 1905 2535 ne·

333 2604 433 2634 xus
471 2602 642 2632 rerum
674 2578 946 2639 monstrat,
1015 2597 1119 2627 non
1152 2577 1405 2644 judicium
1442 2577 1705 2628 illimitate
1755 2591 1908 2627 antea

334 2689 599 2744 receptum
624 2712 637 2735 ,
680 2671 776 2723 esl'e
806 2671 1120 2740 eligendam,

476 2859 669 2909 Omnes
703 2856 1026 2905 definitiones
1063 2855 1371 2904 familiarum
1416 2868 1586 2904 autern
1614 2871 1793 2921 parum
1827 2851 1904 2900 lu·

337 2952 408 3002 cis
445 2949 745 3018 attulissent,
786 2950 879 2996 nisi
911 2948 1150 3011 adjuncta
1185 2947 1355 2994 fuillet
1389 2945 1763 3003 ‹lemonflrati0,
1806 2943 1905 2992 ‹lif-

336 3044 581 3094 ferentias
624 3041 827 3090 casuum
868 3040 1137 3102 similium,
1202 3038 1493 3089 confusioni
1535 3035 1705 3086 ansam
1759 3052 1905 3102 prae-

1782 3127 1904 3176 ben·
