2039 3522
339 265 462 317 ord.
504 262 544 310 Ι.
594 260 735 308 Fam.
785 270 830 306 2.
895 256 1465 308 LOMENTACEAE.
1610 276 1676 324 99

320 399 718 449 rebinthinaceae,
750 380 794 441 et
830 397 1136 444 Berberinae.
1176 394 1319 438 simile
1356 397 1472 452 quid
1510 399 1677 441 offerro

323 480 541 540 possunt,
575 476 657 519 ubi
686 489 836 518 autem
865 475 1110 518 staminum
1141 473 1358 521 insertio,
1403 471 1479 515 vel
1506 474 1676 522 forma,

325 555 598 612 embryonis
628 553 929 601 constructio,
961 552 1034 595 vel
1063 549 1333 611 stipularum
1363 549 1582 596 defectus,
1611 551 1679 592 di-

323 634 618 678 stinctionem
645 649 667 673 a
697 630 1018 674 Lomeutaceis
1043 628 1173 672 facile
1201 627 1545 672 demonstrabit.

325 793 501 835 Genera
539 789 659 845 storo
707 786 974 842 incompleto
1032 785 1342 839 (Cen-nonin,
1400 784 1681 848 Derai-ium)

324 869 480 911 fructu
513 864 834 923 leguminolb,
886 861 1108 921 foliisque
1140 863 1376 919 pinnatis,
1433 879 1456 904 a
1488 862 1682 906 fatttiliis

325 945 466 987 classis
495 942 684 1001 quintae
718 941 1041 998 segregantur,
1075 940 1222 997 magis
1249 938 1684 983 Terebintliinaceis

325 1017 552 1067 confinia,
586 1016 639 1060 ab
667 1017 731 1061 eis
757 1016 993 1076 legumine
1019 1028 1063 1058 et
1103 1015 1281 1076 stipulis
1318 1016 1597 1062 differentia.

320 1173 473 1216 Etiam
504 1171 718 1228 tripetala
747 1187 912 1230 genera
940 1169 1214 1224 (Gleditfia,
1247 1172 1572 1222 Tamarindus‚
1607 1175 1684 1217 Gi-

326 1251 495 1294 nannia
524 1251 554 1292 s.
584 1251 815 1293 Brownea
853 1246 1142 1308 paucissorn)
1179 1248 1414 1307 legumine
1447 1250 1687 1310 polyspa-

321 1343 402 1371 mo
455 1341 547 1370 tam
603 1327 659 1370 ab
702 1326 924 1370 omnibus
968 1326 1219 1386 Ti‘ipetalis
1262 1342 1284 1369 e
1326 1326 1454 1370 classe
1498 1342 1682 1386 quarta,

328 1421 466 1465 quam
498 1421 519 1445 a
557 1403 986 1446 Terebinthinaceis
1027 1403 1304 1462 generibus,
1360 1404 1523 1447 eodem
1561 1420 1685 1466 peta-

327 1483 486 1526 lorum
513 1497 710 1525 numero
736 1481 996 1530 instructis,
1030 1481 1330 1524 discernenda
1357 1496 1506 1527 erunt.

134 1641 190 1684 M
205 1639 246 1684 O
263 1640 308 1684 N
324 1640 359 1680 E
376 1638 423 1681 N
437 1638 482 1679 D
499 1639 539 1680 U
559 1638 624 1679 M.
683 1638 903 1679 Fructum
942 1635 1294 1679 1—folh'eula1·en1
1332 1636 1685 1700 leguminosum

326 1716 374 1757 in
402 1713 782 1772 monosyemzum,
816 1713 1015 1756 clausum
1033 1745 1042 1762 ‚
1076 1714 1226 1758 immo
1253 1715 1538 1774 drupaceuxn
1568 1731 1687 1760 tran·

329 1794 422 1838 lire,
456 1791 650 1832 minime
675 1789 1094 1847 singularissimum,
1130 1808 1212 1834 nec
1248 1793 1473 1836 Mimosae
1495 1796 1689 1850 ,φτ-ἀἰνὴ

329 1867 522 1914 divisio,
568 1866 672 1908 licet
699 1867 902 1914 insueta,
949 1865 1156 1909 absolute
1186 1868 1328 1916 mira;
1359 1882 1403 1910 at
1441 1873 1687 1928 Ilyperan·

331 1945 480 1986 therae
513 1942 779 2000 Moringae,
806 1956 848 1985 et
877 1943 1144 1991 decandrae,
1167 1942 1350 2001 fructus
1374 1947 1594 2000 3·valv1‘s,
1630 1949 1691 1991 se·

329 2019 539 2063 minibus
575 2018 625 2058 in
665 2017 836 2075 singula
861 2017 1048 2060 valvula
1097 2019 1506 2078 longitudinaliter
1541 2025 1688 2083 parie-

333 2092 500 2136 talibus
528 2107 699 2137 tantam
717 2127 727 2143 ,
761 2108 805 2137 et
834 2094 1210 2153 inexplicabilem
1236 2098 1515 2142 anomaliam
1542 2101 1591 2143 in
1619 2119 1688 2144 re-

327 2169 516 2228 liquum
547 2172 778 2215 notissima
808 2172 1071 2231 plantarum
1099 2173 1276 2216 familia
1301 2176 1434 2224 sistit,
1484 2191 1561 2226 ut,
1607 2180 1690 2221 niti

328 2246 483 2289 aflines
529 2249 654 2292 veris
712 2247 1032 2307 leguminibus
1086 2251 1330 2294 instructae
1384 2254 1556 2312 species
1613 2257 1688 2298 ad-

330 2324 523 2372 starent,
568 2326 748 2385 priores
787 2343 809 2369 e
833 2326 1010 2369 familia
1038 2327 1231 2387 relegari
1254 2329 1348 2372 fere
1374 2332 1543 2374 necesso
1570 2332 1687 2377 esset.

139 2478 684 2523 AFFINITATES.
745 2481 964 2523 Proxima
1003 2494 1047 2524 et
1071 2482 1267 2534 intima,
1312 2486 1478 2530 ordine
1513 2488 1691 2538 statuta,

328 2568 372 2598 et
408 2556 762 2606 naturaliffima,
819 2558 878 2600 est
916 2574 964 2600 ea
1003 2575 1108 2602 cum
1138 2561 1454 2622 Leguminofis
1488 2565 1573 2618 (N.
1597 2568 1692 2622 4.),

338 2648 453 2691 quae
491 2646 667 2682 tamen,
722 2650 829 2678 cum
864 2634 949 2678 hae
994 2639 1142 2696 magis
1195 2637 1452 2695 embryone
1501 2655 1697 2700 vergant

337 2711 491 2752 versus
534 2711 813 2770 Siliquosas,
869 2712 1126 2769 embryone
1165 2714 1255 2758 huc
1289 2718 1438 2775 magis
1475 2718 1697 2777 dirigitur

335 2787 492 2828 versus
521 2788 791 2846 Drupiferas
817 2791 901 2844 (N.
931 2793 1046 2846 ια),
1093 2808 1209 2851 quae
1232 2793 1420 2851 insuper
1446 2795 1584 2838 etiam
1624 2796 1695 2838 sti·

337 2860 481 2920 pulis,
511 2876 567 2911 et,
596 2865 727 2909 vario
743 2867 792 2908 in
807 2867 925 2916 casu,
958 2868 1234 2913 staminibus
1251 2871 1465 2930 copiofis,
1497 2871 1696 2915 floribus

339 2937 708 2996 irregularibus,
753 2943 1098 2990 filamentorum
1137 2947 1417 2998 coalitione,
1460 2962 1500 2992 et
1523 2949 1698 2992 fructu-

338 3014 426 3058 bus
454 3017 808 3075 monospermis,
834 3023 1158 3066 Lomentaceis
1186 3024 1501 3070 assimilantur.
1567 3027 1696 3067 Tere-

339 3091 634 3136 binthinaceis
668 3094 752 3147 (N.
778 3099 899 3153 45),
949 3111 1000 3142 ut
1035 3101 1400 3158 Leguminofae,
1448 3115 1491 3145 et
1515 3102 1605 3143 fere
1631 3117 1699 3142 ar-

1564 3178 1697 3226 etius,
