2039 3522
411 311 534 361 ord.
564 310 657 359 111.
695 309 833 357 Fam.
864 322 909 357 ρ.
951 304 1455 358 SAXIFRAGEAE.
1634 326 1701 379 29

360 436 665 481 faeculentam
685 468 697 485 ,
748 449 791 478 et
827 434 955 478 simul
980 433 1139 478 florem
1164 433 1284 476 nulli
1308 432 1598 491 reliquorum
1628 452 1701 479 or·

358 513 526 557 (linum
553 513 695 568 hujus
726 527 767 557 et
797 513 986 555 aliarum
1007 511 1206 556 classium
1235 510 1488 568 subigendo
1512 526 1701 554 nectun-

355 603 444 634 tur.
506 592 738 650 Spiraeae.
771 591 1050 638 Senticosae‚
1083 588 1495 648 Multifiliquol'ae,
1538 602 1582 631 et
1618 592 1703 632 Tc·

355 668 727 711 rebimhinaceae
765 667 1044 715 nonnullae,
1107 667 1155 708 in
1196 665 1345 725 prima
1383 664 1509 708 claffo
1553 666 1705 709 solum

359 745 420 788 ob
445 746 709 803 germinum
750 744 1060 802 pluralitatem
1100 743 1459 802 comparandae,
1514 743 1650 786 etiam
1682 762 1706 786 a

357 823 497 866 nobis
536 823 670 880 supra
709 833 1025 879 comparatae,
1077 831 1121 862 et
1155 821 1259 862 satis
1296 820 1552 876 disjunctae
1583 822 1702 865 sunt.

162 933 428 979 LOCUS.
487 934 619 975 Zona
658 931 831 975 torrida
869 945 989 980 tam,
1041 947 1179 990 quam
1207 944 1504 991 temperatae,
1553 933 1702 977 immo

355 1010 568 1068 regiones
598 1008 864 1066 frigidiores
891 1021 934 1051 et
959 1007 1193 1067 alpestres,
1227 1024 1338 1067 quas
1365 1006 1552 1051 ultimas
1579 1010 1705 1052 nulla

358 1085 444 1128 alia
475 1086 665 1129 snccosss
701 1085 866 1128 formis
903 1085 1105 1144 gaudens
1155 1085 1347 1127 Familia
1398 1087 1705 1144 (Saxifrageis

356 1161 590 1221 exceptis)
641 1162 885 1206 inhabitat.
963 1162 1117 1206 Africa
1163 1162 1483 1206 meridionalis
1537 1164 1703 1222 specie-

351 1237 438 1283 bus
461 1239 600 1295 hujus
626 1239 869 1289 familiae,
901 1241 958 1284 fic
985 1253 1036 1284 ut
1065 1239 1454 1288 Fimbriatarum.
1482 1239 1699 1284 abundat.

697 1437 723 1463 et
927 1425 929 1430 '
1083 1430 1163 1464 &a

371 1649 494 1691 Fam.
528 1650 588 1691 11.
647 1649 1202 1693 SAXIFRAGEAE.
1237 1650 1334 1704 (N.
1361 1652 1484 1708 43)-

159 1786 509 1842 GENERA„
551 1791 894 1840 SAxnrnAeA,
929 1793 1240 1840 HEUCHERA,
1270 1793 1546 1841 Mamm,
1583 1793 1703 1837 TJA-

349 1881 546 1914 BELLA,
578 1867 840 1908 Fonozsffl
863 1898 874 1914 ,
907 1867 1421 1915 Cumsosmzmzm,
1453 1871 1701 1912 HYDRAiv·

352 1957 452 1983 θεΑ
475 1974 485 1989 ,
524 1944 795 1990 Cmvoma,
830 1943 1266 1992 VV21NMANN1A‚
1301 1945 1548 1995 Vama,
1589 1948 1701 1990 st-

348 2033 488 2066 NEA,
525 2019 790 2061 Cznconza
809 2049 821 2066 ,
850 2021 1065 2063 ADOXA.

162 2130 639 2176 CHARACTER.
700 2129 922 2174 Folliculi
948 2131 1041 2175 duo
1066 2132 1192 2186 (raro
1216 2146 1258 2189 5.
1287 2133 1363 2177 vel
1386 2136 1452 2191 4.)
1478 2137 1699 2195 oppositi,

349 2206 666 2268 Polyfpermi,
721 2206 811 2250 basi
836 2224 941 2251 cum
970 2209 1011 2251 se
1037 2209 1169 2267 ipsis}
1212 2211 1339 2269 saepe
1364 2225 1408 2254 et
1430 2228 1536 2254 cum
1572 2212 1700 2256 floris

351 2285 501 2328 fundo
530 2298 574 2328 et
596 2285 749 2342 calyce
763 2275 781 2335 ,¹
807 2285 1106 2329 coalescentes
1124 2318 1137 2337 ,
1184 2287 1376 2347 superne
1398 2287 1561 2338 liberi,
1604 2307 1700 2331 ma-

351 2362 565 2405 turitatae
592 2361 645 2405 ab
669 2363 796 2421 apice
820 2363 1075 2407 introrsum
1115 2363 1427 2414 dehiscentes,
1472 2379 1516 2409 et
1546 2367 1700 2410 unilo-

350 2439 494 2483 culari
521 2440 764 2483 communi
777 2453 986 2498 apertura
1008 2439 1203 2485 hiantes.
1245 2442 1447 2484 Stamina
1462 2443 1703 2502 petalaque

349 2516 496 2572 calyci
537 2517 729 2566 inserta,
784 2517 863 2559 illa
898 2516 1146 2560 filamentis
1183 2517 1433 2569 subulatis,
1488 2519 1572 2562 hae
1612 2520 1701 2563 basi

346 2593 624 2654 plerumque
650 2594 893 2653 angustata.
951 2595 1134 2638 Semina
1158 2588 1469 2646 albu'minosa,
1514 2596 1696 2653 embry-

349 2686 439 2714 one
462 2687 662 2731 magno,
703 2672 951 2722 immerso,
993 2672 1208 2723 centrali,
1251 2672 1494 2731 elongato,
1538 2672 1699 2723 bifido,

345 2762 576 2804 porrecto.

347 2859 478 2901 Folia
503 2860 714 2921 stipulata
738 2862 815 2907 vel
839 2879 934 2907 non
950 2895 962 2913 ,
1007 2863 1177 2906 alterna
1200 2863 1278 2907 vel
1316 2866 1552 2924 oppofita,
1595 2865 1696 2906 fim-

351 2933 493 2993 plicia
517 2938 592 2981 vel
619 2939 780 2984 divisa.
843 2941 1049 2984 Stamina
1075 2940 1262 2985 definita
1290 2958 1436 3000 usque
1461 2942 1518 2985 ad
1547 2957 1610 2986 10.

155 3046 200 3090 D
218 3048 239 3089 1
254 3048 289 3090 F
302 3048 336 3090 F
351 3050 389 3089 E
403 3051 442 3090 R
456 3051 493 3090 E
511 3051 558 3092 N
574 3051 613 3092 T
628 3054 649 3093 Ι
663 3054 715 3095 Α.
784 3054 957 3097 Eadem
998 3066 1088 3102 est,
1141 3066 1195 3096 ut
1240 3055 1414 3113 prioris
1449 3051 1666 3096 Familiae
1679 3085 1694 3103 ,

346 3125 553 3184 respectu
579 3126 855 3184 pluralitatis
881 3129 1203 3174 folliculorum
1229 3131 1451 3188 germinis
1467 3162 1479 3179 ,
1509 3145 1591 3172 nec
1605 3129 1696 3171 hue

1640 3221 1693 3250 m
