2039 3522
340 225 372 274 ὃ
637 258 639 261 -
771 218 933 270 Class'l
967 221 1010 272 Ι.
1070 219 1464 271 ROSACEAE.

536 347 749 404 germine
773 360 818 390 et
842 347 998 392 fructu
1018 349 1171 392 infero
1204 363 1430 394 coronato
1454 348 1706 394 instructis.
1735 346 1809 392 Ab
1836 348 1893 391 il-

536 423 595 467 lis
635 425 893 469 Pomiferae
924 439 1058 468 eruut
1095 426 1448 483 distinguendae
1488 428 1550 472 ob
1573 427 1684 471 folia
1714 427 1893 486 semper

538 501 734 550 alterna,
802 504 833 544 si
882 502 1153 557 Myrtoidae
1197 503 1368 560 species
1421 504 1769 566 oppofitifoliae
1796 520 1808 553 ;
1863 503 1897 546 fi

537 576 841 620 alternifoliae
867 591 1007 628 tunc,
1041 577 1235 638 stipulae
1250 580 1507 638 praesentes
1533 582 1789 627 Pomiferas
1819 579 1896 625 de·

538 656 742 712 signant,
774 655 875 704 vel,
919 657 951 699 fi
970 656 1225 699 deficerent
1252 657 1327 708 (ut
1352 657 1402 699 in
1425 657 1565 713 Ribe)
1581 691 1594 708 ,
1625 659 1739 703 folia
1764 658 1894 703 loba-

535 743 592 773 ιη.
654 731 744 774 ΑΒ
766 731 870 781 his,
912 733 943 776 s.
972 733 1248 784 Senticofis,
1303 736 1335 777 fi
1373 734 1585 794 germine
1620 735 1772 780 infero
1811 737 1899 789 (ut

535 809 907 867 Sanguisorba),
949 811 1227 869 gauderent,
1260 812 1419 855 fructu
1443 812 1661 864 baccato,
1703 829 1802 858 non
1832 815 1895 856 se-

535 886 836 938 miniforme,
867 889 1045 934 nostrae
1071 890 1331 934 Pomiferae
1361 890 1604 936 differunt.

340 1021 396 1064 M
413 1021 455 1067 O
470 1023 516 1068 N
533 1025 635 1068 EN
650 1025 696 1068 D
712 1026 768 1069 A.
831 1025 1015 1070 Genera
1038 1026 1186 1080 huius
1209 1026 1411 1070 familiae
1447 1025 1611 1086 potius
1635 1025 1899 1083 artificialia

535 1118 676 1161 quam
701 1103 928 1147 naturalia
951 1104 1201 1154 videntur,
1245 1119 1446 1149 numero
1473 1117 1520 1148 et
1546 1105 1772 1148 structura
1801 1105 1895 1147 sen·

532 1180 614 1222 sim
649 1181 775 1223 varia
800 1193 846 1224 et
874 1194 1154 1228 transeunte.
1215 1184 1383 1233 Ribes,
1415 1198 1562 1241 genus
1589 1182 1895 1230 habi-tatione,

535 1257 703 1301 habitu
728 1291 740 1309 ‚
810 1258 1199 1311 fructificatione,
1255 1261 1368 1305 huic
1411 1259 1614 1304 familiae
1667 1258 1864 1302 fimilius
1882 1290 1896 1308 ,

535 1352 675 1395 quam
714 1336 833 1380 ullae
871 1336 975 1388 alii,
1030 1339 1276 1382 staminum
1319 1339 1504 1381 minore
1530 1351 1755 1386 numero,
1800 1336 1897 1379 fru-

533 1425 612 1455 ctu
626 1413 949 1464 2-follicula1·i,
981 1415 1090 1459 licet
1116 1416 1375 1464 1-loculari‚
1410 1414 1667 1459 seminibus
1695 1414 1896 1457 albumi-

532 1492 680 1540 nofis,
713 1505 757 1534 et
782 1492 911 1536 foliis
941 1494 1230 1553 exstipulatis
1250 1526 1261 1543 ‚
1294 1492 1492 1552 reliquis
1524 1492 1686 1550 dispar
1710 1492 1896 1534 inveni-

533 1580 624 1612 tur.
687 1571 861 1613 Tamen
900 1570 1004 1614 aliis
1054 1571 1306 1615 ordinibus
1341 1571 1622 1628 neutiquam
1677 1568 1898 1613 sociabile

530 1646 736 1691 videtur.
799 1650 933 1692 Certe
973 1649 1030 1692 ad
1069 1651 1325 1692 minimum
1363 1648 1424 1692 ob
1464 1647 1616 1704 spinas
1653 1647 1736 1690 sub
1769 1662 1898 1706 gem·

499 1721 501 1724 ⁴
530 1723 648 1773 mis,
681 1738 725 1768 et
748 1720 921 1769 semina
947 1727 1214 1786 parietalia‚
1244 1727 1389 1769 cacto
1419 1724 1509 1767 erit
1534 1724 1894 1785 opponendum'.

335 1860 884 1905 AFFINITATES.
961 1863 1186 1904 Proxima
1243 1859 1463 1904 omnium
1517 1859 1692 1916 absque
1744 1857 1893 1902 dubio

531 1953 640 1979 cum
665 1939 954 1994 flslyrtoideis
987 1940 1083 1992 (N.
1112 1940 1189 1995 9.)
1235 1937 1295 1980 ob
1325 1937 1532 1979 fructum
1561 1935 1764 1977 inferum
1794 1937 1892 1978 suc-
1947 1983 1949 1985 ¹

532 2015 718 2063 colum;
754 2014 815 2058 ob
845 2014 1003 2074 plures
1037 2001 1418 2074 (2-3-praecipue
1441 2015 1521 2068 5.)
1562 2012 1612 2054 in
1642 2012 1892 2072 plerisque.

532 2090 642 2135 hcet
682 2092 915 2150 coalitos,
961 2093 1188 2150 germinis
1230 2090 1497 2139 folliculos,
1555 2106 1662 2133 cum
1696 2092 1896 2146 Spiraez‘s
1956 2099 1962 2105 ⁸

531 2172 628 2224 (N.
674 2172 813 2225 15.);
880 2170 940 2213 ob
987 2169 1100 2213 folia
1139 2168 1481 2213 nonnullorum
1523 2168 1806 2227 composita,
1862 2168 1897 2211 s.

528 2247 692 2303 potius
726 2247 906 2308 ¹divisa,
962 2263 1067 2290 eum
1101 2247 1268 2290 iisdem
1302 2261 1347 2290 et
1374 2247 1607 2303 Senticoszs
1635 2247 1730 2300 (N.
1762 2246 1892 2303 ²4·)'·'

532 2324 593 2367 ob
619 2325 904 2368 folliculares
945 2339 988 2368 et
1024 2327 1150 2384 saepe
1186 2325 1516 2384 polyspermos
1556 2323 1736 2367 fructus
1778 2337 1888 2366 cum

530 2403 776 2449 nonnullis
815 2421 837 2446 e
871 2403 1050 2449 familia
1080 2401 1401 2449 Prockiarum.

333 2539 608 2592 LOCUS„
666 2542 798 2585 Zona
839 2553 1088 2601 temperata
1128 2540 1330 2586 borealis
1372 2540 1500 2584 orbis
1546 2537 1757 2598 antiqui,
1816 2551 1894 2580 ex-

524 2620 678 2677 ceptis
703 2619 1008 2678 paucioribus
1040 2619 1123 2662 sub
1151 2618 1369 2664 calidiori
1394 2616 1546 2667 coelo,
1576 2615 1653 2662 vel
1678 2616 1730 2658 in
1750 2617 1888 2659 Amo·

530 2697 624 2740 rica
651 2697 827 2742 boreali
857 2697 1110 2760 indigenis.

333 2833 943 2878 PROPRIETATES.
1017 2832 1222 2876 Habitus
1261 2832 1484 2876 arboreus
1521 2842 1567 2874 et
1606 2827 1888 2877 fruticosns,

531 2911 821 2955 ssOrescentia
859 2910 1089 2960 vernalis,
1126 2912 1337 2969 ..stipulae
1375 2911 1594 2958 caducae.
1650 2907 1775 2951 succi
1813 2904 1891 2947 ad-

528 2991 828 3047 stringentes,
875 2990 1052 3032 summa
1099 2990 1148 3031 in
1177 2989 1370 3037 foi-mis,
1412 2986 1680 3034 coloribus.
1712 2985 1890 3031 massis,

531 3070 871 3131 sapori-busque
922 3067 1165 3112 fructuum
1210 3067 1442 3116 variatio,
1499 3065 1555 3107 de
1602 3078 1696 3123 quo
1746 3061 1895 3104 limile

1782 3139 1898 3197 quid
