2039 3522
809 169 958 230 Clam
1008 181 1049 228 Ι.
1114 176 1508 228 ROSACEAE.

573 308 733 354 raliter
771 309 1030 366 1-spermo,
1084 304 1260 366 partim
1299 301 1593 362 germinibus
1635 300 1854 362 pluribus
1889 302 1941 343 in

574 387 718 435 flore,
773 386 949 444 partim
992 381 1246 442 praesentia
1281 380 1576 438 petalorum,
1626 379 1703 423 vel
1738 377 1944 429 radicula

577 462 852 518 embryonis
894 460 1143 502 diminuta.
1214 457 1275 498 Et
1312 456 1364 497 in
1411 457 1720 500 Rhamnorum
1768 453 1945 518 familia

581 548 832 582 occurrunt
854 533 1258 581 exalbuminosae,
1291 531 1368 575 vel
1395 533 1633 575 alburnine
1661 532 1944 579 tenuislimo,

576 616 667 662 vix
694 613 790 657 ullo
816 612 1079 655 instructae.
1142 611 1242 652 Hae
1265 609 1417 652 forma
1444 608 1745 666 embryonis,
1779 622 1824 652 et
1850 608 1946 668 ple·

578 707 780 750 rumque
809 690 967 732 fructu
994 689 1184 732 baccato
1202 719 1214 735 ,
1260 685 1336 730 vel
1364 684 1535 729 loculis
1571 686 1725 728 sutura
1762 698 1949 729 externa

582 769 687 812 fislis
704 801 715 818 ,
762 767 967 826 ideoque
992 764 1147 810 valvis
1174 762 1434 823 septiferis,
1478 778 1501 804 a
1530 761 1767 821 plerisque
1789 761 1950 806 Trihi-

580 845 687 892 latis
713 845 954 889 recedunt.
1461 843 1465 854 ⁴

583 974 840 1019 Trihilatae
885 973 1187 1028 tetrapetalae
1225 971 1392 1015 formis
1429 969 1755 1014 cruciatuum
1798 982 1951 1028 oppo-

583 1053 778 1096 nendae.
839 1049 1101 1094 Disfimiles
1125 1049 1201 1092 his
1230 1049 1476 1108 pleraeque
1501 1046 1629 1103 stylis
1660 1045 1847 1089 duobus
1876 1043 1954 1088 vel

585 1129 767 1177 tribus;
808 1141 875 1177 et,
908 1130 939 1169 fi
967 1131 1113 1174 etianm
1131 1125 1274 1184 stylus
1301 1124 1494 1185 fimplex
1520 1125 1728 1184 germine
1756 1124 1950 1182 supero,
1991 1183 1994 1187 .

585 1206 881 1249 anthera-rum
910 1205 1059 1248 forma
1087 1220 1184 1247 non
1209 1203 1424 1252 insolita,
1459 1201 1730 1246 staminibus
1757 1217 1855 1246 non
1883 1215 1954 1244 ca·

584 1284 682 1342 lyci
706 1280 878 1330 affixis,
911 1280 1157 1324 staminum
1188 1295 1386 1323 numero
1413 1279 1532 1322 ultra
1559 1279 1766 1326 fenario,
1796 1277 1956 1320 fructu

585 1376 686 1405 non
709 1359 930 1417 filiquoso
951 1390 963 1407 ,
1006 1357 1247 1400 albumine
1273 1356 1405 1400 nullo
1422 1390 1432 1406 ‚
1478 1356 1762 1414 comparatis
1800 1353 1954 1399 omni·

586 1438 675 1482 bus
700 1436 828 1479 istius
857 1435 999 1478 claffis
1021 1435 1215 1477 familiis
1231 1467 1242 1484 ,
1290 1434 1659 1492 distinguuntur.

590 1572 857 1619 Rarisfirne,
890 1583 943 1613 ut
969 1571 1022 1614 in
1049 1585 1214 1630 genere
1238 1569 1397 1631 Aceris
1414 1600 1426 1618 ,
1448 1569 1544 1626 flos
1566 1568 1733 1625 petalis
1758 1567 1957 1617 orbatus,

591 1648 902 1707 Incompletis
932 1649 1057 1707 quafi
1085 1646 1287 1696 accedit,
1332 1646 1413 1690 ubi
1440 1660 1594 1689 autem
1620 1645 1739 1689 ordo
1764 1643 1958 1701 Nucife-

590 1743 766 1773 rarum,
810 1724 920 1768 licet
944 1724 1162 1768 albumen
1194 1738 1385 1782 quoque
1427 1722 1500 1764 illi
1539 1721 1746 1771 deficiat,
1800 1721 1960 1780 dispar

591 1802 837 1846 invenitur
859 1799 1140 1858 embryonis
1164 1799 1315 1843 forma
1331 1832 1343 1850 ‚
1399 1799 1743 1860 staminumque
1776 1797 1960 1843 affixio-

592 1896 675 1928 ne,
708 1878 960 1938 fructuque
986 1876 1259 1920 naturaliter
1289 1877 1539 1934 1-spe1·mo.

402 2020 455 2063 M
469 2016 512 2062 Ο
528 2015 628 2061 NE
645 2013 693 2058 N
709 2013 754 2055 D
770 2014 813 2055 U
832 2013 898 2055 M.
972 2012 1064 2055 Hic
1103 2010 1225 2055 ordo
1265 2010 1400 2056 valde
1433 2011 1621 2056 vicinus
1657 2010 1887 2055 Rhamnis
1917 2023 1963 2054 et

594 2088 1059 2138 Terebinthinaceis,
1093 2088 1149 2132 ab
1178 2090 1243 2131 eis
1261 2122 1273 2138 ,
1307 2104 1427 2147 qnos
1453 2090 1636 2147 primus
1662 2089 1867 2133 intuitus
1891 2088 1960 2130 di-

598 2168 758 2225 versos
785 2165 984 2208 declarat
1002 2198 1014 2215 ‚
1059 2167 1109 2209 in
1135 2166 1371 2225 posterum
1397 2169 1577 2211 acutius
1602 2167 1653 2209 in
1676 2166 1827 2209 limite
1854 2182 1963 2225 pro-

598 2229 784 2305 p¹inquo
811 2243 870 2285 est
897 2243 1198 2292 resecandus,
1232 2244 1399 2287 melius
1427 2245 1615 2302 cognita
1638 2243 1962 2287 fructificatio-

601 2337 718 2368 num
756 2319 1049 2362 exotiearum
1073 2319 1166 2362 huc
1195 2322 1535 2379 pertinentium
1559 2322 1797 2365 structura.

408 2455 956 2509 AFFINITATES.
1041 2454 1325 2515 Hesper-idest
1367 2457 1452 2511 (N.
1491 2457 1587 2513 65.)
1624 2457 1788 2501 ordine
1835 2457 1964 2517 ipso,

605 2533 863 2589 embryone
906 2548 1081 2591 magno
1120 2534 1505 2585 exalbuminoso,
1557 2536 1803 2578 staminum
1838 2535 1968 2594 saepe

608 2611 751 2656 obvia
776 2608 1055 2658 coalitione,
1088 2623 1367 2661 nectunuu·;
1401 2612 1666 2655 Iled<1raceis
1693 2614 1778 2667 (N.
1804 2612 1898 2668 62.)
1923 2624 1969 2656 et

611 2685 925 2744 Columnijeris
953 2688 1035 2739 (N.
1062 2690 1172 2746 54),
1198 2688 1371 2748 plantis
1398 2690 1738 2740 scandentibus,
1772 2692 1969 2733 sarmen-

612 2767 746 2813 ιοίίες
783 2765 999 2806 cruciatis
1026 2765 1110 2817 (N.
1137 2774 1208 2821 41.
1234 2780 1304 2820 57.
1335 2781 1374 2810 2.
1397 2770 1481 2822 5.),
1510 2768 1750 2826 imprimis
1774 2767 1970 2823 Siliquo·

601 2841 668 2902 sis
690 2872 701 2888 ,
738 2839 1056 2899 Leguminosis
1091 2844 1175 2895 (N.
1203 2846 1269 2900 (f.)
1288 2876 1298 2891 ‚
1342 2857 1386 2885 ct
1425 2846 1722 2888 Gruinalibus
1747 2845 1830 2898 (N.
1856 2844 1971 2898 56),

615 2919 764 2961 forma
789 2931 832 2960 et
856 2919 1129 2960 curvatione
1160 2920 1459 2976 embryonis,
1504 2923 1678 2981 absque
1712 2921 1972 2970 albumine;

618 2997 833 3042 Rutaceis
872 2995 958 3048 (N.
987 2998 1082 3052 47.)
1120 2996 1269 3040 sonna
1295 2999 1521 3055 germinis
1551 2999 1768 3047 mrumst,
1823 2999 1975 3042 forma

1855 3089 1979 3133 pem·
