2039 3522
349 246 368 278 ι
379 242 408 277 2
776 225 923 278 class.
971 228 1014 277 I.
1076 226 1470 278 ROSACEAE.

537 355 879 418 pentapetalam
902 368 1212 404 revertentes,
1242 356 1346 405 vel,
1380 356 1509 402 casu,
1539 355 1659 398 hanc
1691 352 1901 414 regulam

537 434 748 494 egressae.
808 435 923 483 Hae,
954 449 1061 476 cum
1088 432 1341 492 polyginae
1371 436 1478 483 fiut,
1509 434 1660 477 immo
1692 432 1902 492 quando-

536 528 631 570 que
653 509 908 569 6-petalae‚
964 508 1130 550 fimiles
1158 509 1279 552 fiunt
1312 512 1574 560 Potameis,
1620 510 1900 570 Magnoliis,

538 589 747 636 Anonis‚
791 586 1122 646 Menifpermis
1160 587 1244 640 (N.
1270 600 1339 641 23.
1378 599 1447 646 59.
1488 597 1557 647 40.
1584 592 1685 647 43.)
1714 605 1736 632 e
1757 587 1905 631 Lilia-

539 680 723 708 cearum
761 662 903 707 classe.
966 664 1055 708 Sed
1092 663 1153 707 ob
1192 665 1495 724 praesentiam
1531 666 1805 725 stipularum
1835 666 1905 708 fo-

537 741 641 785 lum
669 758 778 786 eum
811 741 1071 801 Magnoliis
1106 755 1246 785 erunt
1273 742 1638 801 comparandae,
1692 759 1797 785 cum
1835 759 1904 785 rc-

539 819 687 880 liquis
725 820 918 880 stipulae
956 820 1112 863 desmt.
1180 821 1291 880 Ipfis
1327 835 1440 863 vero
1476 819 1735 877 Magnoliis
1761 820 1902 879 stipu-

540 896 611 941 lae
636 897 771 943 valde
795 898 902 942 sunt
925 898 1119 942 caducae
1135 929 1148 946 ‚
1181 898 1411 941 senticofis
1438 898 1693 957 persistunt.

340 1034 884 1080 AFFINITATES.
976 1033 1198 1078 Proxime
1232 1045 1484 1078 nectuntur
1508 1033 1768 1077 Senticosae
1806 1034 1907 1089 Spi-

537 1115 655 1158 raeis
680 1113 753 1168 (N
785 1114 902 1168 13.)‚
935 1111 1029 1155 [ere
1053 1111 1202 1156 solum
1230 1125 1396 1155 natura
1427 1113 1607 1156 fructus
1645 1112 1699 1154 in
1741 1127 1907 1171 genere

539 1190 595 1235 ab
620 1189 715 1234 illis
744 1190 962 1234 diversae.
1022 1192 1062 1232 E
1088 1189 1233 1248 longo
1266 1190 1543 1239 intervallo,
1569 1190 1719 1233 solum
1750 1188 1906 1232 fimiti-

540 1269 704 1313 tudine
728 1280 976 1330 apparente
992 1299 1004 1316 ,
1036 1268 1262 1311 accedunt
1286 1265 1662 1327 IVIultisiliquosis
1685 1268 1771 1321 (N.
1801 1267 1910 1321 15.),

540 1361 589 1392 ct
617 1347 878 1390 Malvaceis
913 1347 998 1400 (N.
1025 1347 1136 1400 55).
1198 1346 1453 1404 Utrisque,
1508 1344 1756 1405 praecipue
1793 1343 1905 1393 illis,

538 1425 935 1485 approximantur
960 1423 1268 1467 multitudine
1291 1423 1559 1482 germinum
1575 1423 1908 1471 discretorum,

540 1519 658 1563 quae
682 1503 729 1544 in
759 1500 852 1545 illis
879 1501 1158 1561 plerumque
1184 1513 1278 1544 tota
1307 1501 1562 1554 disjuncta,
1593 1500 1643 1542 in
1668 1500 1743 1544 his
1767 1500 1910 1543 inter·

539 1582 655 1625 dum
682 1579 833 1624 solum
860 1579 1184 1638 conglutinata
1210 1592 1492 1627 occurrunt,
1535 1579 1686 1620 immo
1725 1578 1775 1620 in
1812 1578 1910 1620 fru-

542 1673 647 1703 ctus
683 1657 892 1701 similiter
927 1657 1102 1701 abeunt
1139 1658 1422 1716 1-spermOS,
1478 1669 1522 1698 et
1549 1655 1906 1699 seminiformes.

541 1737 772 1795 Utrisque
806 1736 1126 1796 proximiores
1164 1736 1273 1778 sunt
1309 1734 1370 1777 ob
1407 1733 1702 1776 identitatem
1740 1732 1911 1783 Classis,

539 1829 587 1858 et
620 1826 774 1857 totum
811 1813 1055 1861 habitum,
1110 1828 1250 1872 quare
1286 1810 1487 1854 familias
1511 1810 1717 1871 reliquas
1750 1810 1911 1854 multi-

538 1890 824 1936 i'ollicularcs
863 1891 949 1944 (N.
988 1903 1058 1948 39.
1096 1896 1168 1946 40.
1207 1897 1278 1944 45.
1320 1901 1391 1943 23.
1429 1890 1498 1943 56.
1535 1900 1605 1946 95.
1641 1891 1738 1945 84.)
1781 1901 1910 1930 extra

538 1970 660 2012 hanc
685 1968 862 2011 class'em
882 1999 894 2016 ,
927 1979 972 2020 ct
994 1966 1282 2009 succulentas
1322 1967 1406 2020 (N.
1434 1973 1504 2022 48.
1531 1967 1624 2019 50.)
1663 1965 1711 2006 in
1751 1965 1911 2008 eadem

539 2048 638 2107 ipsa
655 2079 666 2096 ‚
700 2044 947 2106 quamvis,
976 2043 1082 2086 satis
1110 2042 1345 2086 distinctas
1362 2075 1373 2091 ‚
1406 2055 1450 2085 et
1473 2042 1696 2085 fifructus
1723 2043 1909 2086 semini·

542 2127 717 2169 formes
748 2123 1088 2182 producerent,
1129 2120 1373 2164 brevitatis
1398 2121 1527 2163 causa
1553 2133 1908 2180 praetereamus.

542 2201 918 2262 Multissliquofis
957 2211 1207 2242 nectuntur
1244 2198 1503 2241 Senticosae
1537 2198 1587 2240 in
1636 2199 1781 2258 specie
1830 2214 1915 2258 per

541 2282 725 2324 fructus
750 2278 958 2335 Dryadis
985 2277 1203 2320 caudatos
1220 2308 1231 2324 ‚
1265 2276 1434 2318 ssmiles
1469 2276 1563 2318 illis
1591 2276 1638 2318 in
1657 2276 1913 2320 Clematide

541 2372 589 2401 et
612 2360 839 2415 Atragcne
863 2355 1049 2405 obviis;
1092 2354 1345 2397 Malvaceis
1372 2354 1595 2397 accedunt
1620 2353 1913 2413 stipularum,

545 2437 697 2479 immo
734 2435 1015 2493 infignium,
1072 2431 1326 2492 praesentia
1358 2445 1403 2475 et
1429 2432 1705 2480 duratione,
1748 2431 1914 2476 habim

544 2516 688 2562 s1cco,
722 2514 850 2572 saepe
879 2511 1064 2559 scabro,
1097 2509 1175 2553 vel
1201 2510 1394 2560 vestito,
1438 2510 1589 2553 forma
1619 2509 1912 2569 petalorum,

545 2590 783 2648 calycibus
824 2591 950 2649 saepe
989 2588 1266 2648 duplicatis,
1325 2601 1370 2631 et
1404 2588 1451 2631 in
1489 2587 1637 2647 specie
1665 2587 1912 2648 generibus

546 2686 705 2713 carum
742 2669 910 2711 clarius
947 2666 1236 2726 polygynis,
1280 2666 1439 2717 Sidae,
1470 2668 1677 2716 Ureuae,
1712 2665 1914 2727 Malopi,

547 2748 780 2792 Pavoniae
803 2759 886 2790 etc.

349 2864 391 2907 L
407 2862 448 2906 O
465 2863 500 2906 C
517 2864 558 2906 U
575 2864 618 2905 S.
680 2861 810 2904 Idem
827 2893 839 2910 ,
872 2874 925 2905 ut
953 2860 1218 2905 Pomiferis.

351 2993 384 3037 P
400 2994 442 3036 R
455 2992 497 3037 O
513 2994 543 3035 P
559 2993 599 3033 R
615 2993 634 3032 Ι
650 2992 687 3032 E
701 2991 793 3033 TA
808 2991 848 3033 T
861 2993 898 3032 E
915 2993 958 3034 S.
1046 2990 1204 3034 caulis
1268 2990 1554 3050 quibusdam
1604 2986 1883 3031 fructicorus
1901 3016 1913 3035 ,

547 3067 786 3128 plerisque
829 3067 1081 3112 herbaceus
1097 3084 1109 3118 ;
1166 3069 1425 3131 pericarpia
1463 3066 1618 3127 spuria
1634 3098 1647 3116 ,
1703 3081 1725 3109 e
1763 3063 1917 3122 calyce

1840 3141 1918 3186 vel
