2039 3522
403 170 497 207 112
803 148 950 209 Claff.
989 159 1082 209 IV.
1149 158 1574 209 LILIACEAE-
1603 174 1605 177 ’
1636 174 1640 181 “

593 298 647 343 Εἰ
685 299 836 343 immo
879 300 1108 344 corollam
1143 316 1226 356 pro
1263 302 1469 354 -1-p0tala
1494 300 1662 344 habere
1690 300 1863 350 velles,
1908 301 1970 345 ab

597 378 733 421 omni
770 378 928 420 Clasfis
959 379 1108 419 sextae
1137 375 1313 417 familia
1335 375 1540 428 stamina,
1578 377 1869 437 singulariter
1895 377 1973 421 de-

593 453 856 501 hiscentia,
912 453 1205 500 recederent,
1264 453 1412 514 ficmut
1449 454 1646 514 embryo
1689 469 1733 499 et
1767 454 1974 498 corollae

592 531 703 571 suus
732 542 776 570 et
800 529 978 576 forma,
1014 528 1065 570 in
1094 528 1247 586 specie
1271 544 1446 572 nexum
1474 548 1583 575 cum
1608 534 1773 577 ordine
1802 532 1973 575 Marci-

593 607 761 648 darum
803 606 938 648 istius
983 605 1155 655 claslis,
1213 607 1338 649 inter
1389 607 1596 667 reliquas
1651 609 1712 654 ob
1765 609 1976 654 fructum

603 685 891 743 1-sp0nnum
917 683 1168 732 fimiliore,
1201 683 1526 742 prohiberent.

600 840 782 883 Cot-olla
828 855 927 883 non
962 839 1123 882 minus
1166 840 1277 883 talis
1319 839 1433 884 huic
1467 840 1670 886 familiae
1707 856 1975 903 competere

592 916 809 966 videtur,
864 935 916 960 ac
946 918 1025 960 illa
1069 921 1113 960 in
1141 915 1541 979 JVIulcisiliquofis‚
1586 920 1862 980 neutiquam
1899 920 1971 964 ibi

594 994 844 1053 denegata.
915 996 1070 1038 Simili
1109 995 1244 1055 plane
1277 995 1423 1039 modo
1468 996 1645 1040 corolla
1682 997 1775 1041 huc
1814 998 1978 1053 (etiam

596 1071 751 1129 calyce
779 1073 1015 1128 destituta)
1056 1087 1109 1115 ut
1141 1074 1190 1114 in
1222 1072 1467 1116 Hellebori
1492 1090 1658 1132 genere
1689 1077 1735 1117 ἰη
1770 1076 1875 1119 aliis
1901 1076 1979 1119 de-

595 1151 756 1199 cidua,
813 1138 859 1192 ἰὴ
899 1151 1003 1193 aliis
1045 1152 1254 1210 (semper
1294 1151 1478 1200 eadem,
1533 1152 1794 1209 eodemque
1831 1153 1978 1207 loco)

591 1224 826 1287 persistens
855 1228 1092 1284 calycz‘na,
1148 1228 1328 1277 immo,
1373 1241 1426 1270 ut
1470 1228 1832 1271 similitudinem
1864 1228 1982 1272 ulte-

591 1305 691 1347 rius
720 1310 971 1363 urgemus,
1031 1304 1375 1348 interdum‘ad
1429 1320 1683 1348 numerum
1732 1317 1977 1364 quaterna-

592 1383 720 1425 rium
760 1382 1008 1426 diminuta.
1070 1382 1119 1424 Si
1156 1396 1339 1432 tamen,
1389 1381 1464 1425 his
1503 1381 1728 1425 omnibus
1764 1382 1980 1438 rejectis,

591 1478 676 1516 pro
705 1461 859 1518 calyce
885 1461 1136 1502 declaretur
1157 1459 1360 1507 corolla,
1407 1470 1519 1501 tunc
1550 1457 1797 1517 glandulae
1824 1458 1975 1509 floris,

592 1537 844 1580 staminum
874 1538 1157 1580 dehiscentia
1177 1570 1186 1585 ‚
1232 1536 1508 1595 stipularum
1538 1550 1582 1578 et
1601 1535 1872 1578 albumiuis
1900 1536 1978 1578 de-

593 1615 769 1664 fectus,
825 1629 868 1658 et
894 1615 1153 1673 simplicior
1184 1615 1402 1673 stigmatis
1427 1614 1666 1661 structura,
1698 1612 1818 1654 hanc
1845 1612 1979 1654 fami-

594 1691 707 1735 liam
747 1679 803 1734 ab
830 1693 1112 1749 incompletis'
1136 1693 1474 1734 Tricoccarum
1506 1703 1550 1732 et
1574 1687 1884 1746 Vaginalium
1912 1688 1981 1731 di-

594 1760 866 1817 vellerent(
909 1785 1026 1827 quae
1064 1767 1189 1811 intel·
1210 1766 1417 1827 reliquas
1444 1781 1610 1810 omnes
1644 1765 1808 1826 aliquo
1835 1766 1982 1810 modo

596 1846 868 1904 comparari
900 1846 1099 1906 poffent.

595 2004 835 2047 Numerus
864 2001 994 2045 floris
1024 2002 1157 2060 supra
1186 2014 1477 2045 memoratus
1505 2001 1832 2061 quaternarius
1860 2015 1975 2044 con-

598 2081 825 2123 iulionem
868 2096 976 2123 cum
1020 2080 1326 2124 Cruciatarum
1363 2079 1493 2122 classe
1534 2079 1595 2122 ob
1643 2079 1837 2122 stamina
1874 2093 1977 2121 non

597 2157 841 2217 producit.

402 2315 513 2366 Mo
533 2315 818 2360 NENDU
840 2315 907 2357 M.
980 2315 1252 2357 Hernandia
1309 2313 1487 2374 fingula
1501 2314 1565 2356 ris
1622 2312 1816 2373 quidem
1870 2309 1986 2354 flore

598 2392 861 2440 foemineo,
910 2393 1034 2452 quali
1073 2391 1362 2448 calyculato,
1408 2392 1563 2447 calyce
1588 2392 1665 2434 seu
1690 2389 1822 2433 diseo
1853 2387 1974 2446 caly-

601 2470 712 2513 ciuo
742 2469 950 2518 elevato,
1002 2485 1134 2512 more
1162 2470 1308 2517 Taxi,
1355 2468 1620 2529 petalisque
1660 2468 1774 2522 6-8
1813 2464 1986 2526 germi-

598 2548 651 2590 ni
678 2546 1009 2596 infidentibus,
1069 2559 1224 2590 tamen
1260 2548 1488 2589 structura
1521 2547 1730 2594 fructus,
1788 2557 1832 2587 et
1872 2544 1984 2591 sexu

602 2625 793 2674 dioico,
850 2625 1117 2683 Myristicae
1161 2626 1340 2668 summe
1389 2623 1540 2667 affinis
1568 2647 1591 2672 ‚·
1652 2622 1821 2667 Lauris
1872 2619 1987 2663 flore

599 2702 910 2761 glanduloso,
969 2716 1014 2746 et
1044 2702 1252 2746 antheris
1271 2735 1284 2752 ,
1340 2702 1515 2747 nullibi
1545 2702 1638 2745 alio
1671 2701 1782 2745 loco
1811 2695 1984 2741 melius

605 2780 817 2825 fixanda.

401 2938 642 2982 AFFIN
661 2938 958 2979 ITATES.
1021 2938 1215 2981 Adstant
1254 2934 1475 2999 proxime
1505 2935 1687 2982 ordinis
1724 2931 1986 2974 charactere

603 3014 959 3073 fingularislimo
999 3016 1256 3061 Ber-herinis
1310 3017 1397 3072 (N.
1433 3017 1560 3074 (12.);
1605 3011 1716 3055 dein
1754 3007 1990 3068 Siliquosts

1784 3088 1870 3143 (N.
1898 3087 1985 3140 5.),
