2039 3522
351 235 449 288 184
698 220 850 274 class.
892 222 956 272 v.
1014 219 1571 272 INCOMPLETAE.

345 365 394 409 D
410 364 691 409 IFFB-RE
706 366 810 411 NT
827 364 918 408 IA.
980 362 1248 406 staminum
1272 361 1359 403 situ
1383 360 1439 404 ab
1481 361 1690 406 omnibus
1716 359 1915 419 familiis

544 443 677 498 hujus
700 439 844 501 claffis
870 438 1031 481 differt
1052 435 1230 478 familia
1258 439 1557 489 Protearum,
1601 451 1647 482 et
1682 456 1705 481 a
1742 453 1915 482 mono-

542 517 802 580 petalarum
830 512 1075 559 Marcidis.
1137 512 1302 556 Solum
1327 515 1573 566 Laut-inis,
1628 533 1719 576 qua
1764 515 1917 560 corol-

544 596 640 638 lam
684 592 951 650 calycemve
989 590 1130 634 etiam
1169 588 1405 650 ambiguis
1429 622 1442 640 ,
1497 603 1542 635 et
1573 607 1772 639 numero
1813 609 1914 652 par·

545 672 671 715 tium
712 670 858 714 variis
874 702 886 719 ,
930 667 1294 728 comparandae,
1339 684 1364 711 a
1389 667 1563 727 quibus
1586 671 1809 715 recedunt
1832 671 1914 714 sta·

542 748 732 792 minum
758 748 1014 796 structura:
1050 747 1098 790 V
1098 747 1270 794 isoinis,
1303 744 1478 805 quibus
1508 745 1816 805 ambiguitate
1843 762 1913 790 ca-

544 824 667 882 lycis
692 825 770 869 vel
795 824 999 869 corollae
1021 851 1034 869 .
1060 823 1309 867 staminum
1343 823 1452 872 fita,
1495 835 1540 866 et
1563 823 1721 866 fructu
1749 824 1917 874 vsper-

543 918 627 947 mo
665 903 826 958 (etiam
850 901 1022 959 calycis
1047 901 1227 944 externi
1253 899 1436 944 defectu
1456 887 1534 943 vel
1558 899 1915 954 obliteratione)

545 981 797 1031 accedunt,
827 980 1031 1044 impares
1059 978 1181 1028 fiunt
1203 977 1477 1040 embryonis
1499 979 1615 1028 fitu,
1662 977 1741 1023 vel
1763 978 1915 1022 immo

549 1057 804 1104 albumine.

349 1215 621 1263 'AFFINI
638 1210 893 1263 TATES.
955 1217 1013 1259 In
1053 1214 1222 1258 ordine
1252 1214 1490 1273 praesente
1526 1213 1800 1275 Elec-agneis
1823 1214 1912 1268 (N.

548 1297 670 1350 117.)
705 1295 893 1339 vicinae
938 1291 1051 1336 flore
1096 1275 1258 1334 minus
1303 1288 1527 1333 tubuloso
1543 1306 1557 1339 ;
1613 1302 1741 1333 extra
1776 1288 1915 1334 illum

547 1375 769 1419 Laurinis
796 1372 1018 1426 (N.53.),
1049 1368 1216 1412 habitu
1243 1367 1514 1427 hesperideo
1531 1398 1545 1416 ‚
1573 1365 1802 1426 pulchro,
1834 1367 1916 1410 sta·

548 1452 737 1495 minum
773 1450 889 1498 fitu,
943 1446 1115 1490 florum
1149 1445 1370 1505 ambigua
1407 1457 1453 1488 et
1485 1445 1697 1489 variante
1720 1457 1914 1494 natura:

547 1528 611 1573 ob
639 1527 811 1572 florum
841 1523 1221 1584 aggregationem
1250 1522 1523 1582 paleaceam‚
1555 1521 1694 1564 etiam
1718 1521 1769 1563 in
1794 1537 1914 1565 non-

547 1605 695 1650 nullis
729 1605 791 1649 ob
815 1603 1032 1647 habiturn
1065 1601 1304 1644 acetosum
1327 1630 1340 1648 ,
1359 1601 1635 1659 Aggregatis
1658 1600 1744 1652 (N.
1772 1601 1912 1657 104),

554 1685 780 1739 capitatis
801 1682 888 1736 (N.
917 1681 1061 1738 115),
1095 1679 1317 1734 *Et-icariis
1353 1678 1440 1732 (N.
1466 1677 1618 1735 124),
1656 1688 1702 1723 et
1736 1674 1911 1736 Conffd·

548 1763 611 1805 ris
635 1761 720 1817 (N.
745 1757 878 1814 108).

1661 3128 1910 3182 Classis
