2039 3522
401 202 496 234 ιω
796 180 946 231 claff.
995 183 1089 234 lv.
1153 183 1568 235 LILIACEAE.

494 324 791 384 Ordol.
863 327 1868 392 MONOCARPAE.

384 536 422 582 C
440 536 539 579 HA
554 536 646 578 RA
664 534 698 576 C
714 533 754 575 T
770 533 807 575 E
824 533 879 575 R.
942 530 1094 574 Petala
1116 544 1158 587 3.
1183 532 1260 576 vel
1282 535 1324 579 6.
1355 535 1635 599 plerumque
1653 541 1961 594 distinctiora,

580 610 864 667 calyculata‚
921 608 1076 680 calyce
1110 610 1432 671 polyphyllo‚
1483 616 1560 659 vel
1600 619 1753 669 nuda,
1803 619 1960 677 calyce

580 687 732 731 nullo.
795 686 1005 730 Stamina
1027 687 1194 748 petalis
1218 690 1311 733 fere
1338 692 1519 751 semper
1542 696 1754 752 opposita
1779 697 1846 750 (fi
1872 713 1960 740 nu·

573 781 708 808 mero
744 765 907 825 petalis
950 767 1189 827 aequalia,
1250 767 1329 812 vel
1376 770 1648 829 pauciora),
1707 770 1958 817 filamentis

578 844 759 888 sursum
785 843 990 888 dilatatis
1010 876 1021 894 ,
1055 846 1132 890 vel
1158 844 1418 891 linearibus
1435 880 1447 896 .
1494 847 1792 891 anthei-arum
1830 848 1959 892 folli-

579 921 700 965 culis
730 920 977 965 lateraliter
1003 923 1156 981 magis
1185 924 1392 974 adnatis,
1425 924 1717 968 dehiscentia
1737 924 1957 969 folliculo

576 998 762 1056 singulo
792 1013 895 1043 toto
925 999 1048 1042 infra
1074 1001 1207 1060 prius
1234 1019 1257 1044 a
1285 1001 1524 1046 filamento
1549 1001 1731 1052 soluto,
1780 1015 1824 1045 et
1848 1002 1959 1045 dein

574 1078 757 1121 [uisum
783 1077 903 1120 ultra
941 1078 1150 1121 staminis
1177 1079 1400 1122 verticem
1426 1079 1617 1123 reflexo.
1679 1080 1789 1124 Flos
1826 1081 1956 1140 saepe

576 1155 813 1214 glandulis
840 1154 1101 1199 accefforiis
1139 1157 1392 1214 praeditus.
1453 1156 1685 1201 Pistillum
1726 1159 1952 1217 fimplex.

572 1234 810 1294 superum,
853 1232 1035 1290 saepius
1077 1232 1409 1282 1-folliculare‚
1447 1248 1491 1277 et
1520 1233 1789 1282 1-loculare,
1830 1235 1949 1291 stylo

571 1310 772 1371 simplici
815 1309 1071 1364 (rarissime
1107 1309 1339 1370 gemino).
1399 1310 1613 1367 Embryo
1651 1310 1951 1367 dicotyledo-

568 1404 702 1433 neus.
788 1387 922 1432 Folia
968 1387 1143 1431 alterna
1191 1388 1334 1441 (raro
1372 1388 1617 1448 opposita)
1643 1419 1655 1438 ,
1719 1387 1951 1449 fimplicia

575 1466 884 1527 (plerisque),
918 1467 1104 1510 venosa.

368 1597 415 1648 D
431 1606 454 1646 I
470 1605 605 1647 FFE
620 1605 662 1645 R
677 1604 716 1644 E
733 1602 780 1646 N
795 1602 836 1644 T
850 1603 869 1642 Ι
884 1603 937 1645 A.
1006 1602 1046 1644 A
1085 1599 1283 1657 reliquis
1327 1599 1470 1656 hujus
1512 1599 1653 1643 classis
1693 1599 1944 1643 ordinibus

567 1678 798 1738 (exceptis
814 1678 1101 1737 Polycarpis,
1137 1676 1483 1731 Melauojorum
1503 1676 1700 1724 familia,
1730 1690 1776 1719 et
1792 1679 1945 1733 Nym·

562 1757 737 1817 phaeae
759 1758 956 1813 genere)
997 1755 1244 1811 staminum
1274 1754 1499 1796 structura
1535 1752 1806 1802 latescente,
1852 1752 1942 1796 dis-

567 1835 685 1884 fe1·t;
720 1833 993 1893 Polycarpis
1024 1832 1182 1891 dispar
1205 1830 1420 1890 germine
1446 1829 1682 1879 solitario,
1728 1830 1940 1874 Melano-

561 1912 623 1970 jis
667 1924 712 1954 et
750 1909 1057 1969 Nymphaeae
1089 1907 1375 1951 dehiscentia
1405 1907 1735 1957 antherarum,
1777 1907 1937 1957 foliis,

567 1989 844 2046 embryone.

555 2125 598 2168 A
622 2123 844 2166 Liliaceis
876 2124 990 2166 veris
1023 2122 1173 2175 (extra
1202 2120 1417 2164 ordinem
1449 2123 1487 2163 Ι.
1518 2132 1563 2162 ot
1590 2121 1676 2175 11.)
1706 2118 1828 2176 flore
1857 2118 1936 2179 su·

557 2217 667 2257 pero
692 2199 928 2242 instructis
955 2198 1260 2257 distinguitur
1286 2198 1335 2239 in
1360 2197 1509 2257 specie
1528 2195 1643 2240 flore
1679 2196 1834 2240 infero
1879 2197 1934 2251 (fi.

554 2276 875 2322 Hei-nandiam
916 2275 1147 2332 excipias,
1211 2275 1315 2318 aliis
1359 2274 1488 2318 notis
1538 2275 1931 2334 discrepantem),

552 2355 757 2404 abillis,
805 2353 978 2414 quibus
1015 2354 1186 2398 corolla
1218 2353 1448 2410 1-pecala,
1502 2351 1732 2395 divifione
1771 2350 1928 2402 floris,

551 2447 596 2477 et
623 2433 679 2476 ab
707 2431 862 2490 inferis
880 2464 890 2480 ‚
920 2432 1236 2490 polypetalis,
1283 2448 1371 2475 una
1405 2447 1513 2474 cum
1539 2428 1782 2489 prioribus
1807 2425 1931 2473 Lili-

552 2512 699 2561 aceis,
734 2511 921 2559 fructu,
955 2523 999 2553 et
1024 2509 1298 2568 embryone.

551 2647 759 2690 Stamina
786 2645 977 2689 demum
1002 2644 1353 2704 lingularisfima
1382 2644 1526 2700 hujus
1565 2643 1773 2692 ordinis,
1835 2658 1926 2702 qua

548 2724 749 2768 modum
779 2723 1117 2773 dehiscentiae,
1152 2737 1315 2766 omnes
1342 2721 1552 2780 reliquos
1580 2721 1769 2765 ordines
1793 2719 1925 2778 regni

547 2801 826 2859 vegetabilis
853 2801 1124 2844 excludunt.
1196 2800 1272 2843 Sic
1308 2799 1527 2861 proxime
1564 2800 1723 2855 juncta
1758 2812 1923 2857 genera

546 2877 654 2922 loco
683 2879 847 2925 vicino
871 2879 922 2921 in
953 2880 1189 2937 systemate
1215 2878 1483 2938 reponenda
1508 2889 1652 2924 erant,
1680 2887 1736 2922 et,
1778 2885 1829 2915 ut
1854 2889 1921 2915 ea-

545 2972 655 2998 rum
674 2972 897 3000 numerus
925 2955 1301 3005 fundamentalis,
1334 2970 1377 2998 et
1405 2953 1638 2999 connexio
1667 2966 1772 2994 cum
1800 2950 1922 2992 ssmi-

543 3032 670 3080 libus
698 3034 969 3094 Polycarpiu
995 3033 1216 3091 jubebat,
1246 3032 1421 3078 nullibi
1457 3031 1615 3080 aliter.
1646 3043 1787 3089 quam
1814 3028 1922 3084 jux·

1879 3118 1923 3148 ta
