2039 3522
404 204 528 303 ord}
559 245 649 299 VI.
698 246 838 297 Fam.
870 255 918 305 3.
971 242 1398 298 VAGINALES.
1585 264 1676 312 177

118 389 543 442 MONENDA.
633 390 812 432 Genera
856 387 1066 446 Piperis,
1125 387 1388 446 Begoniae,
1445 392 1676 450 Proserpi-

309 482 474 516 nacae.
507 479 552 510 et
582 463 848 523 Calligoni,
882 463 1043 524 paullo
1075 461 1362 514 aberrantia,
1395 477 1545 509 tamen
1570 472 1676 513 reli·

310 545 419 607 quis
449 542 592 599 hujus
618 540 822 585 familiae
856 541 1034 598 magis,
1079 558 1217 601 quam
1254 540 1366 586 ullis
1401 543 1531 593 aliis,
1571 549 1677 592 sunt

306 622 545 683 proxima.
622 620 757 674 Piper
804 620 931 677 saepe
983 616 1162 677 petiolo
1201 620 1450 678 vaginante
1476 655 1487 671 ,
1543 624 1674 670 foliis

307 698 521 746 alternis.
567 697 758 740 seminis
791 694 1044 745 structura,
1085 695 1230 739 succis
1270 696 1478 749 acribus.
1523 703 1673 746 stami-

308 792 421 819 num
459 777 584 832 (jam
624 776 671 816 in
702 772 964 832 Koenigia‚
999 772 1353 832 proserpinaca,
1388 790 1430 819 et
1468 779 1673 835 Triplari

307 855 587 906 ternorum)
630 863 855 899 numero,
920 847 1150 892 foliorum
1200 852 1570 906 convolutione,
1625 872 1672 902 et

310 944 415 974 toto
442 928 633 976 habitu,
667 928 709 970 se
731 926 1043 985 Vaginalibus
1069 928 1312 988 adjungit,
1354 929 1464 974 licet
1486 933 1670 979 defectu

306 1007 586 1065 vaginarum
611 1004 930 1047 distinctarum
947 1034 959 1052 ,
991 1001 1215 1063 sonisque
1241 1009 1468 1066 oppositis
1495 1025 1538 1054 et
1567 1029 1670 1056 ver-

304 1083 516 1127 ticantis
554 1084 707 1142 (quae
746 1093 899 1123 tamen
926 1092 971 1127 et
996 1081 1047 1122 in
1075 1082 1335 1140 Roenigiae
1377 1090 1670 1135 extremitate

304 1160 588 1219 quaterna),
632 1173 655 1199 a
693 1155 933 1216 completo
968 1154 1229 1200 charactere
1263 1161 1456 1207 recedat.
1518 1170 1669 1228 Bego-

304 1237 382 1279 m'a
411 1247 456 1278 et
481 1231 830 1293 Proserpinam,
861 1233 1072 1293 germine
1108 1234 1261 1279 infero
1300 1238 1570 1298 singulares,
1625 1262 1670 1292 et

303 1313 462 1358 fructu
498 1310 763 1366 3-loculari.
824 1312 1001 1355 Tamen
1040 1313 1237 1356 omnino
1272 1314 1478 1377 reliquae
1516 1322 1669 1368 solum

304 1391 488 1432 defectu
519 1388 721 1431 naturali
747 1388 970 1431 videntur
1005 1387 1089 1433 effe
1130 1391 1402 1450 1·spermae;
1456 1401 1667 1458 Begonia

305 1481 349 1509 et
381 1466 704 1525 Proserpinam
730 1466 953 1509 structura
980 1465 1110 1511 floris
1137 1480 1182 1511 et
1206 1469 1385 1515 fructus
1421 1475 1505 1519 fitu
1522 1511 1533 1527 ‚
1577 1483 1663 1525 Be.

302 1543 473 1603 goniae
503 1556 655 1586 autem
682 1543 874 1586 Rumici
897 1558 1093 1588 numero
1118 1544 1345 1602 stylorum
1372 1551 1451 1604 (fic
1477 1568 1529 1597 ut
1554 1559 1664 1602 Pro.

304 1621 590 1679 serpinaca),
645 1621 803 1680 sapore
838 1620 1066 1665 foliorum
1088 1653 1100 1670 ‚
1155 1622 1286 1667 foliis
1321 1624 1411 1671 basi
1436 1632 1666 1679 arido-sti-

301 1697 500 1756 pulans,
545 1699 657 1740 sexu
685 1697 951 1754 disjuncto,
994 1698 1174 1743 foliolis
1199 1699 1330 1746 floris
1364 1704 1665 1763 hyalino-ve.

304 1773 603 1822 ficularibus,
636 1787 680 1816 et
704 1774 859 1817 fructu
886 1776 1191 1833 inaequaliter
1212 1778 1332 1823 alato
1363 1783 1533 1840 (calyci
1568 1791 1665 1833 Ru-

304 1850 441 1892 micis
467 1849 776 1908 inaequaliter
800 1849 974 1894 folioso
1004 1865 1046 1894 et
1067 1854 1317 1911 granuloso
1353 1858 1536 1916 fimili),
1594 1881 1664 1909 ac.

301 1926 487 1969 cedunt.
550 1927 852 1984 Calligonum,
883 1926 995 1971 licet
1020 1929 1283 1988 aphyllum,
1312 1932 1467 1980 fructu
1481 1940 1665 2000 (5·que-

305 2006 401 2057 tro)
430 2003 741 2046 seminiformi
780 2016 932 2046 tamen
973 2005 1196 2049 familiam
1237 2011 1516 2068 praesentem
1553 2035 1690 2077 pro..

302 2081 528 2123 nunciare
564 2080 767 2124 videtur.
841 2083 1029 2124 Saururi
1075 2099 1220 2142 genus
1245 2117 1257 2134 ‚
1328 2087 1388 2131 ob
1436 2092 1667 2141 summam

304 2173 409 2200 cnm
437 2157 597 2217 Piper-e
625 2156 921 2206 affinitatem,
954 2162 1101 2218 magis
1126 2163 1181 2203 ad
1208 2163 1479 2222 Vaginales‚
1526 2188 1668 2230 quam

304 2233 358 2276 ad
387 2235 586 2279 Aroidca
613 2247 656 2276 et
684 2235 936 2278 inundatas
976 2237 1181 2295 (quibus
1219 2239 1299 2282 alii
1337 2243 1662 2305 tribuebant),

302 2309 430 2354 foliis
457 2312 645 2370 insuper
668 2311 758 2354 bafi
784 2312 1131 2371 vaginantibus‚
1163 2317 1358 2361 etinitio
1377 2324 1668 2376 convolutis,

303 2389 564 2448 pertinere,
596 2405 710 2433 vero
736 2388 878 2432 fimile
910 2391 982 2434 est.
1043 2391 1167 2435 Rhei
1199 2395 1399 2447 corolla,
1444 2417 1665 2461 apparen-

307 2478 373 2508 ter
398 2465 528 2515 talis,
574 2465 633 2509 est
668 2465 802 2524 calyx
826 2482 981 2512 verus.

113 2620 147 2661 A
166 2617 657 2665 I'FINITATES.
747 2620 823 2668 Ob
854 2623 1026 2668 semina
1052 2625 1369 2679 albuminosa,
1401 2647 1567 2691 genera
1594 2635 1662 2679 di-

303 2697 470 2747 andra,
516 2699 702 2757 stipulas
731 2698 985 2751 foliorum,
1028 2716 1071 2746 et
1107 2705 1282 2762 calyces
1320 2709 1663 2756 nonnullorum

307 2771 543 2824 baccatos,
576 2777 617 2818 se
642 2777 817 2821 sociant
843 2779 1073 2822 scabridis
1109 2781 1193 2834 (N.
1219 2786 1343 2842 97.);
1401 2784 1462 2829 ob
1499 2804 1664 2833 nume·

302 2863 410 2891 rum
441 2853 691 2894 ternarium
721 2853 849 2898 floris
878 2856 1024 2900 totius
1062 2856 1365 2918 incompleti,
1417 2864 1546 2924 saepe
1581 2869 1662 2910 ob·

305 2925 467 2974 vium,
499 2926 611 2971 hinc
636 2931 812 2974 Junceis
838 2934 922 2986 (N.
950 2935 1073 2987 55),
1130 2935 1262 2979 fimul
1301 2937 1361 2981 ob
1391 2937 1559 2984 florum
1592 2943 1661 2985 so·

307 2999 423 3043 liola
457 3003 637 3046 interna
666 3007 865 3057 diversa,
918 3009 1030 3051 inde
1062 3013 1405 3058 Amaranthim’s
1438 3020 1521 3071 (N.
1549 3019 1662 3074 36),

305 3079 457 3122 inuno
484 3093 527 3123 et
557 3081 770 3126 Tricoccis
792 3085 876 3137 (N.
904 3089 1012 3145 98).
1073 3089 1277 3147 Vaginae
1303 3089 1527 3137 loliorum
1545 3127 1557 3142 ,
1592 3096 1667 3138 sed.

986 3176 1035 3205 12
1448 3171 1665 3214 nondum
