2039 3522
403 238 496 287 150
732 227 881 278 Claff.
932 227 994 279 V.
1058 228 1612 280 INCOMPLETAE.

889 804 1476 876 ClassiSV.

536 982 1836 1054 INGOMPLETAE.

413 1283 901 1329 CHARACTER.
971 1280 1081 1325 flos
1121 1281 1402 1341 genitalibus
1442 1282 1582 1324 suetis
1619 1294 1664 1323 et
1699 1281 1967 1339 conspicuis

609 1361 848 1420 praeditus
874 1392 886 1408 ,
947 1358 1125 1403 corolla
1177 1372 1332 1403 autem
1385 1358 1523 1411 (raro
1577 1370 1622 1401 et
1674 1357 1860 1416 calyce)
1893 1373 1967 1402 or·

609 1438 762 1483 batus.

415 1596 463 1641 D
479 1598 499 1638 I
513 1596 753 1641 FFERE
770 1595 819 1637 N
833 1594 872 1635 T
888 1594 906 1634 1
921 1593 976 1636 A.
1038 1579 1283 1634 Genitalia''
1301 1584 1425 1635 ruete
1452 1591 1749 1635 conformata
1787 1591 1964 1633 classem

611 1682 860 1714 removent
883 1668 940 1711 ab
969 1678 1132 1711 octava
1160 1670 1593 1727 Cryptogamorum
1611 1699 1622 1716 ‚
1665 1668 1772 1710 licet
1795 1668 1970 1711 limites

614 1760 736 1790 arcte
774 1746 858 1787 fibi
895 1755 1222 1803 apponantur3
1281 1744 1484 1788 corollae
1522 1744 1702 1787 defectu
1729 1762 1751 1786 a
1776 1743 1972 1803 reliquis

619 1822 858 1867 omnibus.
917 1820 1055 1880 Apud
1094 1820 1176 1864 has
1217 1822 1299 1864 suo
1338 1823 1514 1882 semper
1551 1821 1658 1865 loco
1697 1823 1823 1864 casus
1850 1822 1972 1864 indi-

617 1913 807 1948 cantur,
840 1898 891 1941 in
921 1897 1123 1956 quibus,
1150 1911 1229 1940 aut
1255 1899 1435 1942 defectu
1458 1898 1660 1942 corollae
1684 1899 1971 1949 accidentali,

617 1976 705 2020 flos
733 1977 884 2020 solum
913 1975 1176 2032 calycinus,
1222 1977 1346 2035 quafi
1384 1976 1691 2035 Incompletis
1728 1977 1971 2035 proprius,

617 2067 825 2098 remanet
841 2086 851 2103 ‚
885 2067 963 2096 aut
988 2052 1260 2098 alteratione
1284 2052 1488 2099 c'orollae
1510 2052 1725 2096 nudioris
1751 2053 1876 2096 solus
1903 2069 1972 2096 ca·

617 2131 703 2189 lyx
731 2132 872 2174 adeffe
895 2131 1098 2175 videtur.

429 2291 487 2335 M
503 2289 544 2335 Ο
561 2289 781 2334 NEND
797 2289 850 2331 A.
912 2290 969 2330 In
1004 2285 1087 2329 hac
1113 2286 1207 2345 ipsa
1235 2284 1386 2334 claffe,
1428 2285 1533 2329 vice
1555 2286 1681 2328 versa
1697 2318 1709 2335 ‚
1753 2286 1974 2330 nonnulli

626 2365 764 2409 flores
791 2380 898 2408 vere
933 2363 1159 2420 calycini,
1211 2362 1407 2421 reliquis
1435 2363 1611 2404 summe
1635 2362 1845 2421 analogi,
1879 2377 1975 2406 tan·

624 2456 727 2486 tum
759 2454 921 2485 natura.
946 2440 1216 2485 substantiae
1243 2452 1288 2483 et
1312 2439 1503 2490 coloris,
1543 2440 1822 2484 corollinam
1846 2442 1972 2502 quast

621 2520 834 2570 induunt
869 2532 1094 2562 naturam.

628 2675 963 2734 Pentapetalis,
1018 2675 1046 2718 s.
1083 2672 1319 2734 Rosaceis,
1373 2673 1457 2717 illo
1488 2674 1632 2718 modo
1671 2673 1838 2719 ssmiles
1862 2673 1980 2718 fiunt

630 2753 884 2797 nonnullae
922 2769 944 2795 e
979 2752 1242 2800 T1·icoccis‚
1287 2751 1545 2801 Oleraceis;
1592 2753 1810 2797 Cruciatis
1843 2767 1979 2810 quae-

632 2832 736 2873 dam
764 2830 1043 2879 mundatam
1075 2830 1293 2874 Liliaceis
1319 2831 1487 2889 species
1510 2830 1835 2890 Vaginalium;
1866 2829 1979 2870 Μο-

632 2910 857 2964 nopetalt's
883 2906 1159 2955 nonnullae,
1191 2921 1245 2949 ex
1270 2907 1632 2958 Amaranthinis,
1662 2903 1981 2966 Vaginalibus,

634 2986 911 3035 Proteariis,
943 2983 1264 3042 Thymelaeis,
1297 2986 1548 3030 Tricoccis.

1792 3146 1799 3153 ‘
1872 3138 1984 3180 Tm
