2039 3522
349 202 421 264 76
750 199 897 251 Claff.
937 202 1007 250 11.
1076 201 1504 252 CRUCIATAE.

543 342 818 392 deflectunt,
878 341 1072 385 affinitas
1125 355 1276 384 tamen
1329 341 1467 387 flores
1521 345 1710 388 familiis
1761 343 1904 401 hujus

543 421 686 465 clasfis
718 420 960 477 adjungit,
1014 433 1139 461 nexu
1175 417 1414 461 intimiori
1439 433 1656 467 extraneo
1682 421 1778 467 illis
1808 421 1902 466 for-

543 500 660 547 mis,
695 497 804 539 licet
832 494 1159 542 suadentibus,
1190 506 1372 552 negato.

514 1109 867 1154 ORDINES
921 1105 1236 1153 CLASSIS
1293 1106 1727 1152 SECUNDAE.

345 1265 495 1310 ORDO
528 1267 562 1307 Ι.
608 1264 988 1323 Calycanthemae
1030 1263 1126 1317 (N.
1159 1264 1337 1318 6-8.).
1407 1265 1473 1306 11.
1536 1264 1901 1309 Cheiranthemao

538 1343 634 1397 (N.
658 1356 699 1399 5.
717 1345 754 1398 ).
812 1344 903 1386 III.
940 1341 1305 1398 Capuanthemae
1335 1338 1433 1396 (N.
1456 1352 1497 1386 2.
1521 1353 1593 1399 57.
1621 1348 1690 1401 ίμ.
1707 1342 1742 1398 )·.

448 1879 655 1938 Ordo
722 1881 769 1938 Ι,
852 1873 1786 1938 CALYCANTHEMAE.

338 2054 489 2098 CHA
504 2054 825 2097 RACTER.
888 2051 1039 2094 Petala
1081 2063 1127 2093 ct
1162 2050 1350 2093 stamina
1389 2047 1537 2105 calyci
1563 2046 1745 2090 inserta.
1807 2047 1892 2090 Ca-

531 2131 616 2188 lyx
655 2129 895 2190 1-phyllus
932 2128 1112 2183 (libor,
1156 2128 1233 2171 vel
1259 2126 1374 2170 tubo
1403 2141 1487 2169 suo
1516 2124 1718 2183 germini
1744 2139 1893 2166 accre-

531 2210 655 2263 tus).
717 2207 923 2251 Stamina
947 2220 1145 2249 numero
1167 2198 1377 2249 definita.
1439 2202 1626 2248 Semina
1653 2199 1892 2251 neutralia,

533 2285 897 2330 exalbumiuosa.

333 2443 381 2488 D
397 2444 465 2486 IF
478 2444 513 2486 F
527 2445 564 2484 E
578 2444 619 2484 R
632 2444 670 2484 E
686 2444 733 2487 N
748 2444 787 2486 T
805 2445 826 2484 Ῐ
840 2445 895 2485 Α.
926 2442 965 2483 Α
979 2439 1176 2500 reliquis
1193 2437 1443 2483 ordinibus
1456 2437 1598 2493 hujus
1615 2436 1756 2479 clasfis
1771 2448 1894 2477 rece·

531 2519 604 2562 dit
628 2519 744 2563 ordo
762 2518 1230 2576 Calycanthemarum
1259 2516 1307 2558 in
1324 2531 1488 2576 genere
1517 2516 1601 2557 fitu
1626 2513 1894 2574 petalorum

533 2612 577 2642 et
604 2599 877 2645 staminum,
925 2612 1041 2656 quae
1067 2595 1116 2635 311
1154 2593 1327 2636 eisdem
1364 2591 1658 2651 receptaculo
1700 2588 1892 2648 affigun-

530 2689 621 2723 tur,
658 2677 737 2718 sub
765 2675 1000 2734 germine,
1034 2688 1131 2715 non
1160 2672 1320 2727 juxta,
1350 2671 1425 2715 vel
1455 2672 1585 2731 supra
1616 2669 1750 2712 illud.
1782 2665 1891 2710 Dif-

530 2753 749 2795 svn-entiae
784 2754 835 2796 in
875 2752 971 2794 illis
1003 2751 1201 2799 casibus,
1271 2749 1354 2792 nbi
1391 2748 1567 2792 corolla
1604 2762 1701 2789 non
1740 2754 1893 2787 exacto

527 2831 751 2889 regularis
780 2843 823 2872 et
861 2827 1122 2888 tetrapetala
1141 2860 1151 2875 ,
1193 2826 1360 2870 melius
1385 2825 1705 2883 dijudicentur
1729 2822 1779 2866 in
1807 2820 1889 2862 fin·

526 2907 635 2967 gula
663 2908 838 2950 familia
859 2938 870 2956 ‚
903 2908 953 2948 in
981 2923 1070 2964 qua
1098 2905 1422 2949 observantur.

355 3068 404 3111 M
421 3066 462 3112 O
479 3066 577 3112 NF,
595 3065 637 3109 N
659 3065 702 3106 D
720 3066 756 3107 U
779 3064 845 3105 M.
917 3065 1153 3120 Repetunt
1195 3062 1316 3120 quasi
1353 3061 1477 3104 inter
1516 3057 1752 3105 Cruciatas
1789 3071 1893 3098 ean·

1790 3134 1891 3177 dem
