2039 3522
360 304 485 355 Ord.
523 303 591 353 Π.
630 304 770 352 Fam.
798 313 847 367 4.
889 303 1475 360 COLUMNIFERAE.
1621 326 1682 373 23

336 428 410 473 sed
441 430 579 473 etiam
614 432 818 474 Tiliaceis
847 432 931 485 (N.
961 434 1050 487 55.)
1082 445 1126 474 et
1158 431 1438 491 Hesperidois
1467 437 1548 486 (N.
1572 439 1638 492 (35.
1671 471 1681 487 ‚

332 507 539 549 nectitur
575 507 767 549 Familia
810 524 892 566 per
931 524 1095 567 genera
1139 509 1303 551 harum
1347 510 1682 557 accidentaliter

332 584 626 642 germinibus
659 585 900 643 stipitntis,
933 586 1060 643 saepe
1091 598 1133 627 et
1157 587 1426 636 muricatis,
1458 588 1682 635 torulosis,

335 660 520 702 donata.
583 660 822 707 Panium-a,
856 661 1026 703 nullibi
1058 663 1237 720 aptius,
1270 679 1408 721 quam
1441 663 1684 707 Columni-

334 737 444 780 feris
476 737 741 784 inserenda,
797 752 878 779 nec
909 738 1058 794 magis
1087 755 1225 796 quam
1271 740 1386 782 aliae
1423 740 1687 784 albumino-

335 815 406 856 sae
449 813 822 873 praecedentium
864 813 1174 864 familiarum,
1228 814 1502 864 abhorrens,
1558 815 1686 859 floris

332 891 483 933 forma
511 891 733 937 TiliaceiS,
766 888 942 932 fructus
971 890 1193 933 structura
1225 893 1439 934 Violariis
1470 893 1552 946 (N.
1575 894 1684 949 40).
1743 902 1748 915 ⁸

331 965 606 1025 stipularum
649 966 901 1024 praesentia
954 966 1191 1025 utrisque,
1249 967 1431 1021 (immo
1473 968 1684 1026 longiori

331 1041 610 1090 intervallo,
643 1042 858 1084 scandens
889 1054 933 1084 et
962 1042 1193 1092 cin-hosa,
1226 1056 1270 1085 et
1297 1045 1508 1103 trigyna,
1541 1046 1681 1088 Hede-

305 1120 469 1161 ·raceis
495 1119 576 1172 (N
591 1105 702 1170 (iffi),
734 1130 778 1160 et
792 1118 1115 1161 Cucurbicaceis
1145 1121 1228 1172 (N.
1247 1122 1377 1174 110.),
1405 1122 1446 1164 se
1470 1122 1679 1169 associat:

330 1193 471 1242 flore,
512 1193 668 1242 foliis,
712 1195 941 1238 seminum
969 1195 1152 1239 indufio
1182 1196 1474 1253 Illyrtoideis
1505 1200 1588 1252 (N.
1603 1201 1680 1257 9.)‚

334 1271 576 1331 imprimis
607 1271 820 1316 Punicae.

139 1386 406 1433 LOCUS.
464 1387 520 1426 In
561 1385 695 1428 terris
738 1383 901 1431 calidis
944 1385 1074 1432 orbis
1113 1388 1260 1437 novi,
1305 1387 1586 1446 paucissimis
1628 1387 1677 1430 in

333 1461 468 1506 India
498 1461 731 1506 orientali.

895 1704 924 1731 ‹1-

415 1870 539 1911 Fam.
569 1869 629 1917 V·
688 1870 1160 1917 SENSITIVAE
1191 1871 1276 1923 (N.
1300 1872 1412 1924 57·)·

142 2015 464 2061 GENERA.
519 2018 807 2059 Annaea
826 2045 840 2063 ,
873 2017 1080 2059 Oxum
1103 2046 1115 2064 ,
1144 2017 1358 2063 anvnz.

140 2128 614 2172 CHARACTER.
672 2125 923 2169 Filamenta
949 2126 1038 2169 ban
1062 2125 1242 2174 coalita,
1275 2128 1562 2185 receptaculo
1589 2127 1675 2168 im-

331 2205 503 2265 posita,
535 2220 559 2245 a
586 2202 760 2247 corolla
785 2203 992 2246 discreta.
1038 2203 1241 2262 Stipulae
1266 2203 1436 2247 nullae.
1479 2205 1676 2245 Fructus

332 2281 577 2328 Iocularis,
608 2281 844 2329 succesus,
877 2279 1082 2329 clausus,
1113 2293 1192 2323 aut
1216 2280 1390 2329 ficcior,
1421 2281 1544 2323 sueto
1571 2295 1674 2322 mo·

329 2374 382 2401 re
407 2357 810 2418 longitudinaliter
844 2356 1098 2401 dehiscens.

332 2456 453 2514 styli
484 2457 659 2515 semper
695 2455 857 2500 adsunt
890 2455 1040 2515 quini.
1110 2457 1317 2506 Semina,
1372 2469 1427 2499 ut
1461 2455 1511 2497 in
1547 2455 1674 2514 prio·

328 2533 487 2586 ribus,
540 2532 775 2576 albumine
821 2531 1122 2589 embryonem
1164 2534 1391 2578 condente
1438 2533 1670 2579 instructa,

332 2609 409 2653 vel
432 2625 486 2653 eo
525 2609 736 2653 carentia.
797 2609 998 2653 Stamina
1031 2625 1094 2652 10.

142 2722 689 2766 DIFFERENTIA.
764 2725 889 2764 Patet
929 2737 952 2764 e
992 2722 1153 2772 dictis,
1214 2723 1370 2782 eisque
1410 2737 1514 2765 cum
1545 2720 1671 2779 prio-

333 2798 463 2840 ribus
525 2798 715 2841 samiliis
777 2799 921 2842 nostri
981 2800 1227 2857 praesentis
1297 2799 1473 2842 ordinis
1535 2797 1668 2840 colla-

335 2875 412 2918 tis.
478 2875 655 2917 Annuli
705 2875 913 2918 staminei
969 2875 1185 2918 discretio
1239 2893 1263 2918 a
1304 2875 1476 2919 corolla
1517 2874 1670 2916 distin-

336 2950 441 3010 guit
501 2953 791 3002 Mammas,
864 2952 960 3008 ejus
1023 2952 1213 2996 insertio
1277 2954 1329 2995 in
1395 2953 1481 2995 basi
1547 2949 1672 2992 floris

337 3026 684 3083 Columm'feras,
737 3029 914 3072 fructus
939 3029 1149 3072 conditio
1181 3030 1440 3077 Gruinales,
1492 3025 1670 3085 stipula·

336 3120 444 3148 rum
480 3103 683 3148 defectus
724 3120 912 3156 omnes,
962 3106 1196 3164 imprimis
1234 3105 1452 3167 Festivus,
1503 3103 1673 3163 quibus

1517 3180 1674 3239 aliquo
